3458 5640
584 596 753 648 rismum
776 593 1002 647 snnvnrorus.
1077 665 1079 669 ¹
1333 594 1395 657 477
1439 561 1441 568 ¹

199 744 289 810 intra
314 765 348 810 se
377 751 410 811 et
438 743 666 826 conduxerunt
690 745 779 809 intra
800 741 985 809 Ierusalem
1008 764 1082 809 eum
1105 743 1322 828 optimatibus
1345 766 1397 811 eo·

199 854 273 914 'rum
305 849 361 932 qui
393 848 527 914 luerunt
558 847 593 913 in
623 847 760 914 consilio
792 869 867 931 suo,
899 853 932 913 et
960 852 1126 914 steterunt
1153 848 1277 915 ibidem
1304 850 1399 916 annis

202 958 335 1035 septem.
386 952 412 992 ¹⁴
435 951 603 1034 Ceperunt
635 957 746 1016 autem
778 951 950 1017 consilium
981 950 1078 1017 Titus
1110 957 1144 1017 et
1170 953 1400 1037 Vespasianus

202 1063 238 1120 ut
260 1056 430 1123 civitatem
456 1055 588 1121 illorum
611 1054 861 1121 circumdarent.
905 1055 953 1121 Et
974 1055 1023 1121 ita
1044 1055 1203 1122 fecerunt
1248 1057 1400 1142 Impletis

202 1167 313 1226 autem
342 1167 468 1245 septem
492 1160 587 1225 annis
611 1165 792 1243 aggravata
814 1166 865 1225 est
888 1159 982 1226 valde
1005 1160 1122 1242 fames,
1152 1168 1186 1228 et
1208 1184 1267 1245 pro
1290 1184 1400 1229 neees-

202 1264 301 1329 sitate
330 1265 425 1346 panis
454 1267 634 1344 coeperunt
660 1268 783 1327 terram
812 1263 992 1328 comedere.
1039 1264 1065 1303 ¹⁶
1087 1264 1182 1329 Tune
1209 1286 1320 1331 omnes
1342 1267 1401 1330 mi·

201 1363 278 1428 lites
296 1363 354 1447 qui
376 1363 510 1429 fuerunt
533 1362 573 1427 de
596 1368 740 1446 quatuor
762 1363 895 1446 regibus
919 1363 1207 1447 apprehenderunt
1229 1367 1401 1432 eonsilium

201 1467 292 1533 intra
318 1489 353 1533 se
382 1474 415 1533 et
438 1466 591 1532 dixerunt
613 1464 684 1532 Nos
713 1472 824 1533 autem
852 1468 1004 1535 morituri
1033 1480 1175 1536 sumus:'
1194 1470 1275 1555 quid
1300 1471 1402 1538 faciet

203 1568 299 1634 nobis
331 1569 437 1635 deus?
481 1577 539 1635 aut
570 1568 649 1653 quid
685 1569 821 1653 prodest
851 1569 947 1636 nobis
978 1571 1047 1636 vita
1076 1577 1203 1654 nostra,
1240 1574 1319 1657 quia
1349 1595 1402 1639 ve-

124 1745 132 1761 ,
203 1677 325 1737 nerunt
351 1669 495 1738 Romani
524 1677 674 1737 nostrum
704 1672 812 1738 locum
841 1678 874 1737 et
900 1678 1032 1757 gentem
1060 1674 1235 1759 accipere?
1279 1674 1403 1742 Melius

205 1781 257 1841 est
284 1775 379 1846 nubis
406 1782 444 1841 ut
471 1776 691 1859 nosmetipsos
719 1776 971 1858 interficiamus,
999 1799 1099 1862 quam
1128 1778 1241 1845 dicant
1261 1779 1404 1846 Romani

206 1879 293 1965 quod
322 1880 371 1946 illi
394 1880 592 1947 occidissent
613 1902 672 1947 nos
696 1887 729 1947 et
749 1880 907 1947 fecissent
929 1903 1027 1965 super
1049 1904 1109 1948 nos
1131 1884 1313 1951 victoriam.
1357 1885 1404 1951 Et

207 1991 422 2052 extraxerunt
449 1985 576 2068 gladios
604 2006 680 2050 suos
709 1991 743 2050 et
768 1992 1005 2068 percusserunt
1031 2008 1081 2068 se,
1113 1993 1147 2052 et
1176 1988 1298 2053 mortui
1327 1994 1405 2053 sunt

206 2110 342 2155 numero
370 2088 541 2154 duodecim
572 2088 678 2154 millia
708 2087 876 2154 hominum
909 2110 948 2154 ex
979 2089 1069 2173 ipsis
1122 2090 1149 2130 ¹⁶
1176 2092 1270 2158 'l'unc
1297 2092 1405 2159 faetus

208 2197 258 2258 est
278 2191 386 2258 foetor
408 2212 547 2275 magnus
569 2190 604 2255 in
627 2190 761 2257 civitate
783 2191 842 2256 illa
865 2213 904 2257 ex
928 2191 1144 2258 cadaveribus
1166 2193 1300 2261 illorum
1318 2215 1405 2260 mor·

208 2303 349 2364 tuorum.
393 2298 440 2362 Et
465 2296 647 2362 timuerunt
674 2296 794 2362 timore
823 2318 942 2380 magno
969 2297 1062 2363 valde
1090 2319 1183 2382 reges
1212 2320 1323 2365 eorum
1352 2321 1406 2364 us-

209 2423 273 2485 que
297 2401 515 2480 admoram,
545 2407 578 2466 et
600 2422 667 2466 non
691 2405 871 2483 potuerunt
898 2400 1060 2466 sustinere
1087 2401 1246 2467 foetorem
1273 2403 1407 2468 illorum

207 2525 268 2569 neu
296 2504 434 2586 sepelire
463 2525 517 2569 eos
547 2525 607 2568 neo
636 2503 716 2567 foris
745 2503 912 2567 civitatem
935 2503 1011 2569 illos
1033 2503 1204 2587 prolicere.
1249 2504 1296 2570 Et
1318 2503 1407 2570 dixe·

202 2592 286 2668 ‘runt
308 2605 398 2669 intra
421 2625 456 2668 se
473 2603 561 2689 Quid
585 2602 767 2668 faciemus?
798 2600 872 2668 Nos
895 2603 1027 2686 quidem
1049 2602 1244 2669 tradidimus
1267 2603 1301 2668 in
1324 2625 1408 2670 mor·

203 2710 276 2788 ptem
301 2705 484 2784 Olnistum,
513 2711 547 2768 et
573 2703 639 2767 iarn
667 2724 726 2769 nos
753 2703 795 2768 od
823 2709 961 2768 mortem
988 2698 1102 2768 traditi
1130 2723 1251 2769 sumus.
1295 2704 1408 2770 Decli-

212 2828 326 2873 nemus
350 2807 461 2889 capita
482 2811 598 2872 nostra
621 2812 654 2871 et
676 2807 844 2873 tradamus
866 2807 974 2872 claves
997 2805 1140 2872 civitatis
1163 2806 1206 2872 ad
1227 2807 1408 2890 Romanos,

213 2913 292 2998 quia
319 2912 383 2976 iarn
412 2910 453 2977 ad
481 2917 622 2978 mortem
650 2897 787 2977 tradidit
815 2932 876 2977 nos
903 2910 992 2978 deus.
1042 2911 1228 2997 Statimque
1255 2913 1409 2979 aseende-

214 3021 292 3082 rnnt
313 3037 426 3081 muros
449 3014 592 3082 civitatis
616 3019 648 3082 et
673 3016 898 3082 clamaverunt
921 3036 1034 3081 omnes
1055 3037 1136 3082 voce
1158 3038 1279 3100 magna
1302 3015 1411 3083 dioen-

214 3127 265 3188 tes
293 3120 369 3186 Tite
398 3125 431 3186 et
456 3119 678 3204 Vespasiane,
708 3120 849 3204 accipite
879 3121 986 3187 claves
1015 3117 1175 3205 oiyitatis,
1205 3142 1290 3206 quae
1316 3122 1411 3188 vobis

216 3225 314 3289 datae
337 3227 414 3287 sunt
436 3243 495 3305 per
517 3221 675 3288 Messium
699 3223 756 3305 qui
779 3221 901 3287 dieitur
924 3221 1083 3289 Christus.

305 3327 330 3366 ¹⁷
351 3325 446 3390 Tune
467 3324 675 3390 tradiderunt
699 3346 734 3390 se
756 3325 790 3389 in
813 3324 966 3390 menibus
987 3324 1057 3390 'liti
1083 3328 1118 3390 et
1139 3324 1351 3414 Vespasiani,
1379 3330 1414 3391 et

213 3586 263 3635 per
286 3573 366 3619 totam
383 3568 535 3618 Indaeorum
558 3571 667 3627 terrann
691 3573 716 3618 et
740 3584 823 3619 omnen
836 3570 960 3635 fecerant
981 3567 1115 3618 coneiliarn
1136 3569 1161 3617 et
1184 3567 1368 3618 constituerant
1385 3571 1413 3617 ut

217 3672 244 3705 ee
265 3655 334 3720 ipson
356 3653 535 3704 concluderent
556 3654 583 3701 r'n
606 3653 744 3703 ramalem
768 3669 822 3702 cum
844 3653 911 3703 omni
933 3652 1030 3718 popolo
1054 3655 1107 3702 ote.
1143 3652 1186 3701 la·
1207 3657 1283 3701 erant
1304 3653 1415 3715 primam

218 3747 274 3791 octo
292 3743 438 3803 repetente
456 3755 590 3802 reynerum
608 3754 661 3786 enm
680 3740 747 3788 omni
761 3738 857 3802 populo
876 3739 920 3802 qm·
936 3737 992 3786 ibat
1009 3753 1063 3785 eam
1080 3737 1125 3795 eir,
1143 3740 1169 3786 et
1185 3741 1332 3787 mammet
1348 3738 1416 3788 intem

217 3831 309 3890 septem
327 3840 415 3874 annos.
883 3812 885 3814 ’

306 3912 347 3959 m.
375 3908 450 3957 ASnx
469 3909 521 3957 Sed
539 3909 681 3980 prudentia
699 3910 778 3958 erevit
796 3925 850 3958 eam
870 3909 970 3957 Titoet
992 3907 1161 3970 Vespasiano,
1185 3908 1224 3956 ita
1241 3911 1270 3956 at
1286 3923 1416 3976 moalper·

220 3998 361 4046 lustrarent
379 3995 463 4043 omnia
479 4009 560 4057 repna
577 3998 602 4043 et
620 3994 764 4058 rediperent
780 3995 807 4042 in
816 3997 1006 4057 paupertatem.
1037 3992 1076 4041 at
1086 3993 1190 4056 saetam
1202 3997 1240 4043 ert
1251 3997 1339 4044 oetaeo
1351 4009 1416 4043 anno

221 4087 248 4130 at
265 4096 357 4145 mapna
367 4081 456 4143 samer
472 4080 645 4140 superveniret
663 4094 712 4137 eor,
731 4081 770 4128 tta
788 4082 816 4128 at
834 4079 990 4128 comederent
1007 4080 1103 4126 terram
1120 4094 1151 4126 ea
1165 4079 1276 4142 penaria
1290 4079 1376 4141 panis.

306 4165 348 4213 15.
372 4160 450 4213 ASux
470 4163 520 4212 Sed
534 4164 667 4226 principer
683 4163 800 4221 militam,
819 4163 862 4227 qai
879 4167 953 4212 erant
971 4162 997 4210 in
1010 4162 1150 4211 Ierusalem
1167 4166 1193 4211 et
1207 4163 1251 4226 qut
1268 4167 1342 4211 erant
1360 4166 1416 4212 aeto

222 4265 364 4314 reynerum,
384 4253 503 4310 ceperant
519 4248 613 4297 malam
631 4248 762 4297 canalium
781 4249 847 4298 inter
864 4264 891 4297 re
908 4255 961 4297 etc.
996 4249 1017 4295 Α
1037 4248 1123 4297 latino
1143 4252 1219 4297 textu
1238 4263 1291 4297 nou
1310 4247 1349 4296 ite
1366 4246 1417 4296 ‹lil-

223 4339 291 4394 sert3
311 4334 363 4383 nisi
383 4331 455 4397 quod
474 4333 503 4382 in
520 4334 573 4383 fine
592 4334 675 4383 habet
691 4334 806 4383 undecim
823 4333 916 4382 millia.

309 4421 351 4469 16.
381 4418 450 4467 lime
465 4420 558 4483 saetae
580 4423 618 4468 ert
635 4421 757 4468 -ettam
775 4435 820 4468 nor
843 4416 1130 4482 (ituprorsueASe13
1153 4418 1217 4467 nmb
1236 4421 1262 4467 et
1278 4432 1336 4475 nm,-
1362 4417 1419 4466 Ven

223 4510 294 4557 intra
313 4501 454 4569 [intereat]
472 4503 527 4565 noe)
548 4529 557 4539 -
576 4519 627 4568 per
644 4505 766 4554 Messium
784 4507 828 4568 qm·
844 4504 940 4552 dicitur
959 4503 1087 4553 Christus.-
1111 4503 1139 4553 in
1158 4503 1200 4552 hie
1219 4504 1287 4554 nihil
1307 4507 1350 4554 eet
1368 4518 1420 4568 quo

225 4592 342 4659 graviter
361 4589 468 4638 differat
486 4589 560 4638 ASux
579 4606 594 4638 a
612 4589 698 4639 latino
718 4592 802 4639 textu.

314 4677 354 4727 17.
390 4674 458 4724 lune
476 4675 639 4725 tradiderant
658 4676 867 4740 ·raepen‹1erunt
885 4675 911 4722 in
929 4674 1024 4738 liparem
1048 4675 1098 4738 (ita
1115 4675 1195 4735 Amb3
1219 4675 1275 4725 Van
1299 4676 1325 4724 in
1343 4673 1412 4738 lipno
