3458 5640
265 625 326 688 128
606 620 773 672 merome
790 619 943 672 rossum.
967 619 1042 671 cAP.
1062 620 1116 671 XV.

264 774 354 842 illud
373 779 510 857 tempus
534 771 714 857 quodiam
740 770 843 854 obiit,
870 771 962 836 sicut
983 768 1194 835 destinatum
1220 775 1274 835 est
1298 768 1460 836 omnibus

264 877 473 945 hominibus.
517 874 677 943 Graviter
697 879 813 940 autem
834 875 900 940 hoc
920 874 1039 939 morbo
1061 861 1257 957 laborabat,
1283 893 1398 958 neque
1421 880 1461 938 ut

264 984 301 1047 in
316 981 517 1066 praeseutia
532 983 771 1064 aegrotaverat
786 999 939 1062 unquam
955 998 976 1043 a
991 977 1182 1043 nativitatis
1200 997 1282 1043 suae
1301 984 1390 1043 ortu.
1413 976 1463 1043 Et

264 1087 315 1152 ita
331 1089 424 1150 certe
442 1104 497 1149 res
513 1083 656 1167 Iosephi
673 1083 757 1147 iusti
775 1081 960 1164 disponere
979 1079 1117 1147 Christo
1134 1079 1277 1164 placuit.
1304 1077 1462 1165 Quadra·

265 1188 363 1273 ginta
379 1187 485 1273 (vixit)
507 1208 617 1252 annos
640 1191 720 1250 ante
742 1185 867 1249 initum
888 1185 1160 1250 matrimonium:
1182 1184 1310 1250 mansit
1332 1183 1461 1250 deinde

264 1312 352 1357 uxor
375 1290 439 1356 sub
464 1290 576 1356 tutela
601 1291 676 1355 eius
702 1287 935 1372 quadraginta
959 1293 995 1353 et
1018 1309 1139 1353 novem
1164 1309 1288 1370 anuos,
1320 1287 1462 1373 (quibus

265 1394 411 1479 elapsis)
433 1399 571 1459 mortua
587 1397 649 1458 est.
681 1391 760 1456 Uno
782 1396 897 1456 autem
914 1396 1154 1475 postmortem
1171 1392 1246 1456 eius
1263 1411 1353 1456 auno
1372 1410 1463 1456 eom·

264 1497 369 1562 missa
388 1496 457 1579 ipsi
473 1494 648 1580 (Iosepho)
666 1498 720 1559 est
741 1500 851 1559 mater
870 1514 947 1559 mea
969 1494 1072 1558 beata
1091 1491 1206 1558 Maria
1228 1515 1248 1558 a
1268 1492 1461 1560 sacerdoti-

264 1598 340 1680 bus,
358 1603 398 1662 ut
414 1617 489 1662 eam
500 1596 694 1662 custodiret
709 1615 819 1678 usque
837 1594 1027 1678 adtampus
1039 1596 1249 1679 nuptiarum.
1271 1594 1463 1660 Biennium

264 1699 326 1766 illa
347 1701 382 1764 in
403 1699 503 1765 domo
527 1700 601 1766 eius
625 1699 818 1764 consumsit
837 1697 947 1782 (nulle
969 1718 1005 1762 rs
1028 1697 1279 1780 memorabile):
1300 1704 1336 1763 at
1356 1698 1461 1764 tertio

264 1803 546 1895 commorationis
569 1803 644 1869 eius
665 1822 756 1868 anno
778 1800 872 1886 apud
893 1799 1098 1885 Iosephum,
1125 1820 1207 1867 suae
1230 1821 1309 1867 vcro
1335 1803 1462 1867 aetatis

266 1907 399 1974 decimo
417 1908 556 1993 quinto,
577 1906 717 1992 peperit
731 1926 784 1970 me
802 1906 837 1970 in
855 1911 949 1971 terra
965 1906 1143 1991 mysterio,
1168 1905 1261 1992 qnod
1278 1926 1342 1971 nec
1358 1926 1464 1989 pene·

256 2018 357 2098 trare
375 2032 438 2077 nec
456 2032 579 2097 capere
596 2015 713 2095 potest
727 2009 800 2075 ulla
816 2015 985 2092 creatura,
1009 2010 1078 2076 nisi
1095 2031 1158 2094 ego
1175 2016 1344 2094 paterque
1362 2029 1460 2074 meus

265 2122 302 2182 et
317 2116 461 2198 spiritus
478 2120 630 2197 sauctus,
648 2135 751 2179 unam
766 2134 901 2178 mecum
917 2114 1135 2179 constituens
1153 2114 1340 2179 essentiam
1351 2114 1388 2199 ³).

753 2299 872 2367 Ourna
895 2300 976 2369 XV.

350 2439 440 2506 'Pota
462 2440 580 2523 itaque
602 2443 699 2504 aetas
722 2441 831 2522 patris
853 2440 937 2523 mei,
964 2439 1057 2506 senis
1078 2439 1175 2505 illius
1197 2437 1298 2521 iusti,
1322 2445 1464 2504 centnm

264 2543 418 2611 confecit
435 2550 470 2611 et
486 2543 648 2608 undecim
665 2564 785 2626 annos,
802 2545 852 2610 ita
863 2544 1072 2611 decernente
1083 2549 1181 2627 patre
1194 2563 1268 2608 meo
1281 2541 1461 2628 (caelesti).

263 2648 312 2714 Idt
328 2647 402 2714 dies
420 2670 487 2733 quo
506 2648 664 2714 deseruit
680 2649 795 2713 anima
812 2668 936 2733 corpus
955 2649 1029 2715 eius
1047 2653 1122 2714 erat
1136 2648 1324 2732 vigesimus
1342 2652 1461 2712 sextus

265 2752 394 2817 mensis
412 2749 552 2835 Aniba.
586 2747 712 2832 Coepit
734 2752 825 2816 enim
846 2751 914 2816 iam
930 2772 1051 2816 aurum
1073 2751 1284 2834 exquisitum
1301 2749 1466 2832 splendo-

265 2872 338 2918 rem
362 2852 509 2937 perdere
536 2857 571 2918 et
595 2859 776 2934 argeutum
801 2875 867 2918 usu
894 2853 1019 2934 deteri,
1051 2853 1270 2918 intellectum
1294 2853 1402 2917 innuo
1430 2859 1465 2917 et

267 2954 449 3021 scientiam
467 2957 552 3020 cius.
588 2952 712 3019 Cibum
730 2977 867 3039 quoque
885 2955 1057 3021 fastidivit
1072 2960 1107 3020 et
1122 2960 1252 3038 potum,
1270 2962 1375 3038 atque
1393 2974 1466 3020 ces-

267 3058 356 3125 savit
371 3059 499 3142 peritia
515 3058 600 3123 artis
616 3056 754 3124 fabrilis
770 3059 941 3143 lignariae
959 3079 1071 3142 neque
1094 3060 1169 3124 eius
1191 3058 1297 3123 ullam
1313 3055 1463 3141 amplius

266 3163 437 3229 rationem
461 3161 593 3230 habuit.
640 3159 798 3248 Contigit
822 3162 930 3247 igitur
954 3163 1066 3246 prima
1090 3162 1167 3228 luce
1191 3163 1349 3246 vigesimi
1376 3163 1465 3227 sexti

267 3267 422 3352 (mensis)
432 3263 526 3332 Abit
544 3273 583 3334 ut
597 3268 756 3353 inquieta
771 3267 978 3334 redderetur
992 3269 1107 3334 anima
1117 3269 1211 3334 senis
1223 3266 1365 3351 Iosephi
1380 3266 1465 3331 iusti

337 3479 364 3541 2)
384 3478 526 3530 Sshidicus
545 3485 637 3531 textus
657 3483 709 3531 sic:
740 3480 813 3530 Haec
830 3486 868 3530 set
886 3496 980 3530 sesama
997 3483 1064 3530 vitas
1080 3481 1170 3530 diieeti
1183 3481 1270 3543 petris
1287 3480 1335 3528 mei
1351 3479 1466 3542 Iosepdi:

268 3582 348 3616 assos
356 3566 488 3615 eatasXL
496 3583 599 3616 aecem
607 3568 690 3625 desit,
701 3583 753 3616 eum
764 3583 814 3631 qua
823 3568 887 3616 visit
896 3568 970 3616 anais
977 3567 1021 3615 IX
1030 3565 1227 3631 (corrigendum
1238 3566 1344 3616 videtur
1352 3564 1464 3626 xum).

269 3653 333 3702 Post
344 3657 448 3702 mortem
461 3654 618 3703 citissimum
630 3670 703 3702 anam
716 3651 766 3716 (its
779 3653 878 3717 Zoaga,
896 3652 944 3701 sed
958 3652 1098 3701 Dulaurior
1110 3652 1175 3700 desa
1187 3651 1244 3714 ass)
1256 3652 1346 3700 videas
1358 3652 1452 3700 sesessit
1456 3672 1465 3709 ,-

265 3736 363 3787 distes
374 3742 456 3787 eutem
468 3739 542 3787 annm
553 3739 580 3788 in
592 3739 664 3787 domo
676 3739 730 3787 dns
741 3739 807 3787 sirit
817 3742 898 3786 mater
910 3754 964 3785 esea
977 3741 1111 3801 antequam
1123 3738 1174 3799 ipsi
1185 3738 1288 3786 nuberet
1300 3737 1351 3799 (ite
1361 3738 1463 3801 Zoegs3

270 3823 411 3873 Dulanrier
420 3825 509 3886 depuis
521 3824 584 3889 qu’it
596 3825 657 3873 t'eut
670 3825 761 3872 rhoicis
770 3840 837 3886 pour
849 3840 878 3872 sa
891 3822 1051 3887 compegse):
1064 3824 1184 3887 siquidem
1196 3840 1212 3871 a
1225 3823 1397 3872 sacerdotibus
1410 3839 1465 3871 earn

268 3909 397 3958 custodire
413 3911 496 3958 iassae
512 3913 569 3958 erat
585 3926 661 3973 sieque
679 3910 713 3958 ed
726 3914 821 3972 tempus
832 3910 986 3970 nuptiarum.
1010 3910 1115 3972 Peperit
1132 3915 1215 3958 autem
1231 3925 1269 3957 me
1281 3910 1372 3958 Maria
1383 3914 1466 3957 mater

269 4009 325 4042 enea
342 3996 416 4043 initio
429 3996 490 4044 ansi
502 3996 574 4044 tertii
586 4011 633 4058 quo
644 3996 703 4060 fuit
715 3996 741 4042 is
753 3996 824 4044 domo
838 3995 953 4058 lampii,
970 4011 1036 4043 asmo
1052 3996 1146 4044 aetatis
1158 4011 1218 4044 sace
1231 3995 1259 4042 X
1263 3994 1292 4043 1⁷.
1322 3995 1415 4043 Gemuit
1427 4011 1465 4043 eree

269 4083 353 4127 mater
363 4096 418 4128 mea
430 4081 456 4128 in
468 4080 588 4143 spelunca
602 4079 639 4141 (is
651 4079 786 4141 spelunea.-
803 4081 843 4129 its
861 4084 889 4128 et
902 4081 988 4143 Zoegs
1001 4086 1029 4128 et
1042 4081 1196 4139 Dulsurier;
1216 4081 1391 4129 nihilominus
1405 4096 1463 4128 cum

271 4163 386 4212 'Philone
403 4169 468 4227 puto
486 4165 604 4230 mysterio
623 4163 764 4228 legendum
784 4179 849 4212 esse.
892 4163 963 4211 Illud
982 4178 1061 4226 quum
1080 4180 1134 4212 non
1151 4165 1273 4214 videntur
1291 4165 1464 4214 tribuendum

272 4248 355 4297 errori
369 4249 547 4311 interpretum
560 4252 724 4306 nostrorum,
744 4264 773 4297 ex
787 4263 874 4297 errore
888 4246 967 4310 Copti
981 4263 1038 4296 esse
1052 4247 1256 4296 existimandum
1269 4249 1328 4297 erit.
1354 4249 1393 4296 De
1407 4263 1464 4312 spe·

271 4333 351 4381 lunen
365 4333 399 4381 cf.
413 4348 493 4396 supra
508 4348 565 4396 cap.
578 4331 625 4395 7.),
638 4349 712 4397 quem
723 4349 768 4381 see
779 4333 909 4381 sominare
922 4331 983 4380 lieet
995 4347 1040 4380 aee
1052 4348 1172 4395 quaerere
1185 4332 1338 4395 (Dulaurier
1351 4331 1414 4396 pu’it
1428 4338 1466 4382 est

269 4416 381 4484 diseede
399 4418 430 4467 ds
449 4417 558 4478 reveles,
576 4423 601 4468 et
617 4413 680 4483 qsiil
698 4423 735 4467 eet
747 4418 888 4481 impossible
900 4418 931 4467 de
943 4417 1070 4480 trosser),
1088 4435 1165 4482 seque
1177 4423 1215 4467 est
1231 4420 1257 4467 is
1270 4422 1324 4467 tota
1337 4420 1466 4469 creatione

270 4504 342 4553 domo
355 4505 398 4567 qui
410 4520 463 4552 eam
475 4507 574 4554 noverit
583 4509 690 4568 praeter
701 4521 739 4553 me
751 4509 775 4554 et
784 4510 886 4568 patrem
897 4520 975 4553 meam
987 4509 1012 4553 et
1023 4505 1141 4568 spiritum
1153 4510 1274 4553 sanctem.

341 4588 368 4651 3)
383 4589 473 4639 Sehid.
487 4596 554 4640 text.
568 4592 621 4640 sie:
649 4591 738 4640 Omnes
750 4596 832 4640 asten
845 4592 899 4639 dies
907 4592 994 4652 patris
1005 4591 1052 4639 mei
1064 4591 1165 4652 Iosepti
1177 4590 1320 4640 benedictae
1332 4592 1466 4639 senectutis

270 4678 331 4724 esst
346 4676 408 4724 essi
422 4675 487 4724 011
487 4713 495 4735 ‚
514 4677 647 4726 seessdssm
659 4677 813 4727 votestatem
823 4678 909 4741 patris
920 4678 968 4725 mei
980 4676 1057 4739 (haee
1071 4677 1152 4725 verbs
1164 4677 1296 4725 secundem
1309 4682 1352 4727 ete
1367 4677 1466 4726 Dulsu·

273 4760 326 4810 ries
339 4776 398 4811 cnm
410 4777 485 4827 seqq.
498 4763 660 4829 coniungit).
684 4764 750 4814 Dies
760 4765 849 4814 mmm
861 4764 914 4813 mas
926 4767 963 4812 est
975 4761 1079 4811 XXVI.
1091 4763 1182 4811 messis
1193 4762 1275 4825 Epep.
