3458 5640
252 572 314 635 110
434 572 767 624 PSBUDO·MATTHAE1
786 571 1025 622 uvsuennlum.
1053 570 1126 621 CAP.
1145 571 1262 624 xxxxi.

688 820 808 888 Cunus
831 821 1015 886 XXXXI.

340 997 413 1064 ¹Et
439 997 603 1064 abierunt
626 998 663 1063 in
689 996 862 1063 civitatem
886 992 1128 1081 Cepharneum
1152 1018 1173 1063 e
1198 997 1337 1065 civitate
1359 1017 1449 1083 queo

251 1109 396 1170 vocetur
408 1101 604 1184 Bethleem,
628 1109 664 1168 et
679 1108 755 1167 erat
770 1100 899 1186 Ioseph
917 1123 993 1167 oum
1009 1101 1123 1170 Maria
1143 1103 1179 1168 in
1199 1101 1299 1170 ‹lomo
1318 1123 1391 1185 suu,
1416 1108 1452 1167 et

252 1205 353 1275 Iesus
379 1228 456 1274 cum
482 1209 542 1274 eis.
581 1208 630 1274 Et
654 1207 710 1274 (lie
734 1207 881 1292 quadem
902 1209 1037 1274 vocavit
1056 1208 1184 1293 Ioseph
1209 1207 1251 1274 erl
1278 1227 1315 1274 se
1340 1207 1451 1275 filium

253 1314 634 1397 suumprimogeuitum
644 1312 821 1395 Iacobum,
839 1313 980 1377 etmisit
995 1313 1093 1377 illum
1110 1312 1146 1377 in
1161 1313 1299 1379 hortum
1316 1311 1451 1377 olerum

251 1421 292 1479 ut
312 1414 495 1494 colligeret
515 1415 611 1480 olere
631 1415 674 1480 ad
696 1414 895 1480 faciendum
917 1415 1143 1496 pulmentum.
1176 1415 1223 1480 Et
1239 1414 1450 1479 subsecutus

253 1523 307 1580 est
321 1514 423 1580 Iesus
440 1515 607 1581 Iacobum
624 1516 766 1580 fratrem
783 1537 882 1581 suum
903 1517 939 1578 in
956 1516 1110 1597 hortum,
1133 1524 1168 1581 et
1183 1516 1247 1581 hoo
1263 1515 1393 1599 Ioseph
1417 1521 1453 1580 et

251 1616 367 1684 Meris
387 1619 601 1684 nescierunt.
637 1617 801 1703 Dumque
822 1618 972 1684 Iacobus
996 1620 1179 1703 colligeret
1201 1619 1310 1700 olem,
1333 1618 1450 1684 subito

258 1722 364 1787 exivit
380 1721 422 1786 de
439 1721 609 1786 foramine
625 1722 745 1803 vipera
766 1726 801 1785 et
816 1722 991 1803 percussit
1006 1742 1144 1785 inunum
1160 1720 1296 1803 Iaeebi,
1320 1727 1355 1786 et
1374 1722 1451 1803 ipse

253 1843 336 1907 pree
360 1823 480 1889 dolore
503 1824 609 1889 nimio
633 1824 750 1907 coepit
771 1822 929 1889 clamere.
966 1824 1014 1888 Et
1035 1826 1103 1888 ium
1125 1823 1292 1888 ‹leliciens
1312 1823 1453 1888 dicebat

258 1946 333 1990 cum
355 1927 450 1991 vocis
473 1926 720 1991 amaritudine:
750 1925 847 2007 Heu,
871 1926 955 2007 heu,
977 1927 1097 2008 vipera
1112 1927 1263 2009 pessima
1279 1927 1454 2008 percussit

256 2047 395 2092 suenum
411 2048 531 2093 meam.
578 2028 588 2061 ¹
605 2025 706 2092 Iesus
723 2047 802 2092 vero
821 2034 916 2092 stans
939 2047 979 2092 ex
1001 2027 1144 2093 adverso
1161 2028 1205 2091 acl
1222 2029 1314 2093 vocis
1332 2029 1453 2091 amuni-

255 2127 413 2194 tudinem
436 2130 588 2194 eoeurrit
610 2128 653 2195 ad
670 2128 836 2195 Iacobum
859 2135 894 2194 et
908 2131 1024 2195 tenuit
1039 2151 1177 2194 manum
1195 2130 1287 2209 eine,
1310 2133 1345 2192 et
1364 2128 1453 2192 nihil

255 2229 351 2296 eliud
369 2230 455 2297 fecit
470 2230 532 2297 sed
548 2236 683 2296 tanturn
695 2232 841 2298 sufflavit
855 2233 891 2296 in
903 2231 1171 2297 manumlaoobi
1190 2237 1224 2296 et
1234 2231 1455 2314 refrigeravit

257 2354 341 2398 eam.
386 2334 435 2399 Et
463 2336 581 2401 statim
605 2334 757 2401 Iacobus
787 2343 929 2402 sanetus
960 2341 1027 2419 est,
1060 2341 1095 2400 et
1125 2355 1269 2416 serpens
1294 2340 1453 2399 mortuus

256 2442 319 2501 est.
349 2434 398 2503 Et
412 2436 542 2521 Ioseph
565 2444 601 2503 et
616 2436 730 2504 Maria
746 2438 839 2522 quod
861 2438 1062 2505 factumest
1080 2438 1304 2522 ignore-baum
1326 2438 1388 2503 sed
1409 2437 1453 2503 ed

257 2538 441 2606 clamorem
466 2540 586 2607 iacobi
613 2548 648 2607 et
672 2542 716 2608 ed
741 2543 924 2626 imperium
948 2542 1030 2609 Iesu
1054 2548 1284 2609 cucurrerunt
1308 2543 1352 2607 ad
1376 2542 1454 2608 hor-

256 2647 339 2727 tum,
364 2650 399 2710 et
415 2645 626 2711 invenerunt
641 2651 838 2729 serpentem
855 2652 1028 2712 mortuum
1044 2646 1112 2711 ism
1129 2652 1164 2712 et
1179 2645 1345 2712 Iacobum
1361 2646 1452 2711 bene

260 2754 430 2813 sanatum.

330 2990 452 3048 xxxxl,
472 2995 495 3040 1.
525 3008 541 3040 o
562 2992 665 3041 ciuitate
687 3008 750 3056 quoe
771 2998 877 3042 vocatur
897 2990 1041 3041 Bethleem:
1065 2993 1103 3041 eie
1126 2991 1292 3042 emendenda
1314 2994 1455 3044 videbatur

263 3078 396 3140 scripture
410 3077 518 3135 codicis,
532 3079 558 3126 in
574 3093 624 3141 qus
638 3084 680 3127 est
692 3081 718 3126 im
731 3079 857 3128 ciuitatem
871 3078 1047 3142 Coptoruoum
1060 3093 1123 3140 quoe
1135 3083 1240 3127 vocatur
1250 3079 1386 3128 Bethleem.

334 3161 365 3210 ln
379 3161 471 3211 codice
485 3176 501 3211 n
514 3168 576 3226 post
590 3163 728 3211 historiam
743 3162 775 3212 de
790 3163 883 3228 hydr-in
897 3169 1074 3226 conquassate
1088 3165 1187 3228 legitur
1200 3165 1252 3213 sio:

332 3245 342 3276 ¹
360 3249 423 3299 Post
434 3252 496 3300 leaeo
513 3255 594 3300 autem
607 3267 660 3298 oum
673 3251 781 3314 quartum
793 3252 835 3300 elie
847 3250 954 3299 luceolos
968 3251 1079 3315 ‚llplaoee'
1096 3253 1217 3300 intrasset
1229 3253 1328 3300 tortum
1344 3257 1373 3301 ot
1384 3252 1457 3302 oleru

263 3337 297 3385 uel
307 3337 452 3398 faciendum
460 3336 616 3401 pulmentum
629 3336 772 3401 collimat,
789 3339 867 3387 exivit
879 3339 968 3401 vipera
980 3339 1148 3402 ‹lesorouu'ue
1160 3343 1185 3387 et
1198 3340 1330 3388 momordit
1341 3341 1458 3389 dextram

262 3438 362 3472 monem
373 3423 440 3471 eise:
453 3424 496 3486 qui
504 3439 571 3487 prae
582 3423 658 3471 nimio
670 3423 759 3472 dolore
770 3428 795 3472 et
807 3424 978 3472 aenaritmle'ue
991 3423 1102 3473 eleemos-e
1115 3426 1197 3487 coepit
1209 3424 1275 3482 Heu,
1292 3426 1351 3472 tere:
1368 3428 1458 3489 uipera

262 3524 300 3556 me
311 3509 452 3559 moruordit.

331 3589 342 3620 ¹
360 3594 433 3642 Ierue
441 3608 499 3642 nero
509 3608 540 3641 eo
549 3593 655 3641 odoerro
664 3597 736 3642 etone
745 3594 858 3641 meruerit
872 3593 905 3640 od
915 3592 1033 3641 Iacobum
1038 3595 1153 3657 fratrem
1162 3610 1246 3650 meere,
1265 3599 1350 3643 truens
1358 3611 1457 3644 erronum

264 3693 334 3727 suom
345 3679 458 3743 sufflavit
474 3678 500 3725 in
518 3694 561 3736 eo,
579 3682 604 3727 et
616 3680 733 3726 contineo
744 3695 821 3726 sonus
830 3679 923 3740 foetus
941 3682 992 3736 eet,
1011 3695 1060 3727 mou
1072 3682 1180 3728 sentiens
1195 3679 1275 3727 ullum
1287 3678 1413 3737 dolorem,
1432 3688 1457 3730 et

263 3767 542 3826 serperemortuueeet.
566 3763 670 3811 Etcum
683 3767 804 3826 parentes
821 3767 847 3811 et
858 3763 935 3811 vieini
947 3765 1115 3812 oneum-isreel
1132 3765 1166 3811 od
1178 3765 1291 3822 hortum,
1309 3765 1457 3817 invenerunt

264 3852 403 3912 serpentem
414 3853 546 3907 mortuum,
558 3849 585 3897 im
594 3853 672 3912 porte
685 3847 774 3912 aliquo
786 3864 834 3898 non
847 3848 950 3906 laesum,
963 3853 988 3898 et
1000 3849 1118 3898 lue-oleum
1129 3867 1188 3900 vero
1200 3867 1296 3901 erenum.

334 3932 457 3984 Ceterum
474 3934 636 3984 conterende
650 3937 703 3984 ists
718 3935 830 3984 historie
842 3939 885 3984 est
899 3950 957 3983 cnm
973 3935 1053 3983 simili
1067 3936 1120 3985 elie
1134 3952 1226 4001 evang.
1237 3936 1353 3986 Thomas
1363 3939 1456 3989 Letiui

266 4020 354 4082 oepite
367 4019 436 4068 x1v.
456 4020 570 4078 tundite,
589 4036 665 4083 quarn
684 4022 764 4069 etiem
781 4033 799 4068 n
819 4022 908 4084 cepite
921 4020 974 4067 XL.
992 4021 1116 4083 praebet,
1135 4022 1206 4084 quod
1223 4023 1381 4086 inscriptum
1400 4032 1455 4073 ost:

269 4104 396 4166 Quomodo
408 4106 480 4154 Ieme
492 4107 593 4154 sanauit
605 4105 696 4168 Ioseph
708 4122 725 4153 o
736 4121 828 4154 veneno
840 4107 950 4167 uiperae.

334 4187 529 4253 Deseripeimus
543 4189 664 4247 xxxxl,
682 4193 705 4238 2.
725 4191 805 4239 etiem
821 4205 851 4238 ex
865 4205 895 4239 oo
909 4190 1000 4238 codice
1013 4191 1183 4242 Mousceusi.
1203 4206 1279 4254 quem
1298 4192 1331 4240 ed
1349 4193 1456 4243 initium

266 4273 344 4323 huius
357 4275 490 4340 evengelii
503 4275 681 4339 ndllribuimus.
704 4275 813 4339 Legitur
826 4276 862 4324 ibi
876 4275 927 4323 sic:
947 4275 1018 4323 Ieme
1031 4292 1088 4323 vero
1100 4292 1131 4323 eo
1143 4277 1248 4325 adverso
1261 4282 1332 4326 etone
1344 4279 1378 4325 orl
1391 4281 1458 4328 eve-ie

266 4361 461 4409 amaritudinem
472 4363 586 4410 occurrit
596 4363 629 4410 od
643 4362 761 4410 Iacobum
772 4367 797 4411 et
810 4362 889 4410 tenuit
900 4377 999 4409 monum
1011 4362 1077 4419 eius,
1094 4367 1118 4410 et
1131 4361 1194 4410 mihil
1206 4362 1353 4427 oliudseeit
1363 4365 1407 4412 sert
1420 4365 1456 4411 iu-

257 4447 378 4511 sufflavit
390 4446 417 4494 r'u
428 4462 528 4496 manum
539 4448 594 4496 Iao.
612 4451 637 4495 et
648 4448 739 4511 rep'm'ff.
752 4463 807 4495 eom
820 4471 828 4482 ·
842 4451 866 4496 et
878 4447 1008 4510 imperium
1021 4446 1078 4495 Ieme
1091 4452 1256 4497 cucurrerunt
1272 4450 1307 4498 ael
1318 4450 1417 4498 laertem
1433 4454 1458 4499 et

266 4531 315 4580 inu.
328 4547 395 4595 emp.
407 4532 459 4582 iom
469 4537 592 4583 mortuum
604 4538 629 4583 et
640 4533 725 4583 Iooob.
738 4537 861 4581 sonatum.
888 4530 988 4590 Quibus
1003 4533 1089 4582 verbis
1109 4535 1163 4583 exit
1180 4534 1217 4584 ibi
1230 4536 1338 4585 libellus
1356 4536 1458 4585 additis

266 4623 372 4667 tentum
385 4617 442 4667 his:
466 4619 609 4692 Ipeelleeue
622 4619 736 4669 Otrietee
747 4620 790 4684 qm'
802 4634 854 4667 eum
866 4619 968 4668 eouam‘t
979 4623 1051 4668 sonet
1064 4635 1108 4669 uos
1120 4636 1136 4668 o
1146 4624 1266 4685 peccatis,
1284 4623 1328 4686 qm'
1339 4627 1377 4672 eet
1388 4623 1458 4672 bene·

265 4703 350 4754 diem
361 4705 387 4754 im
399 4707 485 4755 eeooto
497 4707 644 4765 seculorem,
662 4708 749 4757 Amen.
