<?xml version="1.0" encoding="UTF-8"?>
<!DOCTYPE html PUBLIC "-//W3C//DTD XHTML 1.0 Transitional//EN"
    "http://www.w3.org/TR/xhtml1/DTD/xhtml1-transitional.dtd">
<html xmlns="http://www.w3.org/1999/xhtml" xml:lang="en" lang="en">
 <head>
  <title>
</title>
<meta http-equiv="Content-Type" content="text/html;charset=utf-8" />
  <meta name='ocr-system' content='tesseract 3.04.00' />
  <meta name='ocr-capabilities' content='ocr_page ocr_carea ocr_par ocr_line ocrx_word'/>
</head>
<body>
  <div class='ocr_page' id='page_1' title='image "./evangeliaapocry02tiscgoog_0240.png"; bbox 0 0 3458 5640; ppageno 0'>
   <div class='ocr_carea' id='block_1_1' title="bbox 557 563 1455 627">
    <p class='ocr_par' dir='ltr' id='par_1_1' title="bbox 557 563 1455 627">
     <span class='ocr_line' id='line_1_1' title="bbox 557 563 1455 627; baseline 0.003 -12"><span class='ocrx_word' id='word_1_1' title='bbox 557 567 602 616; x_wconf 75' lang='lat' dir='ltr'><strong>DE</strong></span> <span class='ocrx_word' id='word_1_2' title='bbox 620 566 832 617; x_wconf 67' lang='lat' dir='ltr'><strong>dammare</strong></span> <span class='ocrx_word' id='word_1_3' title='bbox 850 564 993 616; x_wconf 71' lang='lat' dir='ltr'><strong>Manlau.</strong></span> <span class='ocrx_word' id='word_1_4' title='bbox 1021 563 1095 614; x_wconf 71' lang='lat' dir='ltr'>CAP.</span> <span class='ocrx_word' id='word_1_5' title='bbox 1113 564 1159 614; x_wconf 82' lang='lat' dir='ltr'><strong>lx.</strong></span> <span class='ocrx_word' id='word_1_6' title='bbox 1396 563 1455 627; x_wconf 82' lang='grc'><strong>119</strong></span> 
     </span>
    </p>
   </div>
   <div class='ocr_carea' id='block_1_2' title="bbox 255 712 1457 1817">
    <p class='ocr_par' dir='ltr' id='par_1_2' title="bbox 255 712 1457 1817">
     <span class='ocr_line' id='line_1_2' title="bbox 257 712 1456 799; baseline -0.003 -15"><span class='ocrx_word' id='word_1_7' title='bbox 257 715 510 784; x_wconf 88' lang='lat' dir='ltr'><strong>consulendum</strong></span> <span class='ocrx_word' id='word_1_8' title='bbox 532 715 681 798; x_wconf 85' lang='lat' dir='ltr'><strong>putavit:</strong></span> <span class='ocrx_word' id='word_1_9' title='bbox 706 717 765 799; x_wconf 86' lang='lat' dir='ltr'><strong>qui</strong></span> <span class='ocrx_word' id='word_1_10' title='bbox 787 714 982 799; x_wconf 87' lang='lat' dir='ltr'><strong>respondit,</strong></span> <span class='ocrx_word' id='word_1_11' title='bbox 1005 713 1116 779; x_wconf 92' lang='lat' dir='ltr'><strong>solum</strong></span> <span class='ocrx_word' id='word_1_12' title='bbox 1139 712 1238 778; x_wconf 93' lang='lat' dir='ltr'><strong>illum</strong></span> <span class='ocrx_word' id='word_1_13' title='bbox 1261 733 1301 778; x_wconf 86' lang='lat' dir='ltr'><strong>ex</strong></span> <span class='ocrx_word' id='word_1_14' title='bbox 1323 714 1378 780; x_wconf 90' lang='lat' dir='ltr'><strong>his</strong></span> <span class='ocrx_word' id='word_1_15' title='bbox 1396 716 1456 799; x_wconf 91' lang='lat' dir='ltr'><strong>qui</strong></span> 
     </span>
     <span class='ocr_line' id='line_1_3' title="bbox 258 816 1457 904; baseline -0.002 -17"><span class='ocrx_word' id='word_1_16' title='bbox 258 819 432 904; x_wconf 87' lang='lat' dir='ltr'><strong>designati</strong></span> <span class='ocrx_word' id='word_1_17' title='bbox 458 822 558 883; x_wconf 91' lang='lat' dir='ltr'><strong>erant</strong></span> <span class='ocrx_word' id='word_1_18' title='bbox 577 818 706 902; x_wconf 84' lang='lat' dir='ltr'><strong>virgam</strong></span> <span class='ocrx_word' id='word_1_19' title='bbox 732 840 828 884; x_wconf 89' lang='lat' dir='ltr'><strong>suam</strong></span> <span class='ocrx_word' id='word_1_20' title='bbox 850 840 919 885; x_wconf 91' lang='lat' dir='ltr'><strong>non</strong></span> <span class='ocrx_word' id='word_1_21' title='bbox 946 817 1107 883; x_wconf 89' lang='lat' dir='ltr'><strong>attulisse</strong></span> <span class='ocrx_word' id='word_1_22' title='bbox 1131 817 1186 883; x_wconf 90' lang='lat' dir='ltr'><strong>cui</strong></span> <span class='ocrx_word' id='word_1_23' title='bbox 1208 816 1375 901; x_wconf 83' lang='lat' dir='ltr'><strong>virginem</strong></span> <span class='ocrx_word' id='word_1_24' title='bbox 1399 819 1457 885; x_wconf 89' lang='lat' dir='ltr'><strong>de·</strong></span> 
     </span>
     <span class='ocr_line' id='line_1_4' title="bbox 255 920 1455 1011; baseline -0.003 -18"><span class='ocrx_word' id='word_1_25' title='bbox 255 945 424 1011; x_wconf 86' lang='lat' dir='ltr'><strong>sponsare</strong></span> <span class='ocrx_word' id='word_1_26' title='bbox 451 922 605 989; x_wconf 89' lang='lat' dir='ltr'><strong>deberet.</strong></span> <span class='ocrx_word' id='word_1_27' title='bbox 650 923 818 990; x_wconf 83' lang='lat' dir='ltr'><strong>Proditus</strong></span> <span class='ocrx_word' id='word_1_28' title='bbox 844 924 962 1007; x_wconf 89' lang='lat' dir='ltr'><strong>itaque</strong></span> <span class='ocrx_word' id='word_1_29' title='bbox 989 928 1042 989; x_wconf 90' lang='lat' dir='ltr'><strong>est</strong></span> <span class='ocrx_word' id='word_1_30' title='bbox 1069 921 1209 1008; x_wconf 89' lang='lat' dir='ltr'><strong>Ioseph.</strong></span> <span class='ocrx_word' id='word_1_31' title='bbox 1251 920 1338 989; x_wconf 83' lang='lat' dir='ltr'><strong>Oum</strong></span> <span class='ocrx_word' id='word_1_32' title='bbox 1364 924 1455 990; x_wconf 91' lang='lat' dir='ltr'><strong>enim</strong></span> 
     </span>
     <span class='ocr_line' id='line_1_5' title="bbox 258 1027 1454 1114; baseline 0.002 -20"><span class='ocrx_word' id='word_1_33' title='bbox 258 1030 386 1114; x_wconf 85' lang='lat' dir='ltr'><strong>virgam</strong></span> <span class='ocrx_word' id='word_1_34' title='bbox 403 1050 500 1095; x_wconf 88' lang='lat' dir='ltr'><strong>suam</strong></span> <span class='ocrx_word' id='word_1_35' title='bbox 517 1028 697 1095; x_wconf 74' lang='lat' dir='ltr'><strong>attulisset</strong></span> <span class='ocrx_word' id='word_1_36' title='bbox 719 1033 754 1094; x_wconf 89' lang='lat' dir='ltr'><strong>et</strong></span> <span class='ocrx_word' id='word_1_37' title='bbox 775 1029 810 1093; x_wconf 91' lang='lat' dir='ltr'><strong>in</strong></span> <span class='ocrx_word' id='word_1_38' title='bbox 829 1029 1007 1094; x_wconf 73' lang='lat' dir='ltr'>cacumine</span> <span class='ocrx_word' id='word_1_39' title='bbox 1025 1028 1101 1095; x_wconf 91' lang='lat' dir='ltr'><strong>eius</strong></span> <span class='ocrx_word' id='word_1_40' title='bbox 1119 1027 1281 1094; x_wconf 88' lang='lat' dir='ltr'><strong>columba</strong></span> <span class='ocrx_word' id='word_1_41' title='bbox 1297 1027 1339 1095; x_wconf 91' lang='lat' dir='ltr'><strong>de</strong></span> <span class='ocrx_word' id='word_1_42' title='bbox 1357 1030 1454 1096; x_wconf 90' lang='lat' dir='ltr'><strong>caelo</strong></span> 
     </span>
     <span class='ocr_line' id='line_1_6' title="bbox 258 1132 1456 1216; baseline -0.001 -17"><span class='ocrx_word' id='word_1_43' title='bbox 258 1135 400 1199; x_wconf 83' lang='lat' dir='ltr'><strong>veniens</strong></span> <span class='ocrx_word' id='word_1_44' title='bbox 421 1133 654 1216; x_wconf 79' lang='lat' dir='ltr'><strong>consedisset,</strong></span> <span class='ocrx_word' id='word_1_45' title='bbox 676 1132 811 1216; x_wconf 89' lang='lat' dir='ltr'><strong>liquido</strong></span> <span class='ocrx_word' id='word_1_46' title='bbox 834 1132 994 1198; x_wconf 91' lang='lat' dir='ltr'><strong>omnibus</strong></span> <span class='ocrx_word' id='word_1_47' title='bbox 1017 1133 1133 1215; x_wconf 88' lang='lat' dir='ltr'><strong>patuit</strong></span> <span class='ocrx_word' id='word_1_48' title='bbox 1154 1133 1185 1198; x_wconf 92' lang='lat' dir='ltr'><strong>ei</strong></span> <span class='ocrx_word' id='word_1_49' title='bbox 1207 1132 1376 1216; x_wconf 86' lang='lat' dir='ltr'><strong>virginem</strong></span> <span class='ocrx_word' id='word_1_50' title='bbox 1398 1133 1456 1198; x_wconf 90' lang='lat' dir='ltr'><strong>de-</strong></span> 
     </span>
     <span class='ocr_line' id='line_1_7' title="bbox 259 1234 1454 1320; baseline 0.001 -18"><span class='ocrx_word' id='word_1_51' title='bbox 259 1236 587 1320; x_wconf 88' lang='lat' dir='ltr'><strong>sponsandamfore.</strong></span> <span class='ocrx_word' id='word_1_52' title='bbox 621 1235 756 1320; x_wconf 72' lang='lat' dir='ltr'><strong>²Igitur</strong></span> <span class='ocrx_word' id='word_1_53' title='bbox 766 1235 1020 1319; x_wconf 88' lang='lat' dir='ltr'><strong>sponsaliorum</strong></span> <span class='ocrx_word' id='word_1_54' title='bbox 1031 1236 1106 1301; x_wconf 87' lang='lat' dir='ltr'><strong>iure</strong></span> <span class='ocrx_word' id='word_1_55' title='bbox 1118 1235 1160 1301; x_wconf 92' lang='lat' dir='ltr'><strong>de</strong></span> <span class='ocrx_word' id='word_1_56' title='bbox 1172 1256 1265 1301; x_wconf 90' lang='lat' dir='ltr'><strong>more</strong></span> <span class='ocrx_word' id='word_1_57' title='bbox 1278 1234 1454 1303; x_wconf 88' lang='lat' dir='ltr'><strong>celebrato</strong></span> 
     </span>
     <span class='ocr_line' id='line_1_8' title="bbox 257 1338 1454 1421; baseline 0 -18"><span class='ocrx_word' id='word_1_58' title='bbox 257 1341 331 1421; x_wconf 88' lang='lat' dir='ltr'><strong>ipae</strong></span> <span class='ocrx_word' id='word_1_59' title='bbox 364 1338 504 1421; x_wconf 86' lang='lat' dir='ltr'><strong>quidem</strong></span> <span class='ocrx_word' id='word_1_60' title='bbox 536 1340 570 1402; x_wconf 88' lang='lat' dir='ltr'><strong>in</strong></span> <span class='ocrx_word' id='word_1_61' title='bbox 596 1339 780 1404; x_wconf 73' lang='lat' dir='ltr'><strong>Bethleem</strong></span> <span class='ocrx_word' id='word_1_62' title='bbox 811 1338 945 1403; x_wconf 79' lang='lat' dir='ltr'><strong>recedit</strong></span> <span class='ocrx_word' id='word_1_63' title='bbox 971 1339 1161 1418; x_wconf 85' lang='lat' dir='ltr'><strong>civitatem,</strong></span> <span class='ocrx_word' id='word_1_64' title='bbox 1194 1338 1332 1405; x_wconf 91' lang='lat' dir='ltr'><strong>domum</strong></span> <span class='ocrx_word' id='word_1_65' title='bbox 1357 1360 1454 1404; x_wconf 87' lang='lat' dir='ltr'><strong>suam</strong></span> 
     </span>
     <span class='ocr_line' id='line_1_9' title="bbox 257 1440 1454 1525; baseline 0.003 -20"><span class='ocrx_word' id='word_1_66' title='bbox 257 1441 492 1524; x_wconf 88' lang='lat' dir='ltr'><strong>dispositurus</strong></span> <span class='ocrx_word' id='word_1_67' title='bbox 510 1445 544 1504; x_wconf 89' lang='lat' dir='ltr'><strong>et</strong></span> <span class='ocrx_word' id='word_1_68' title='bbox 560 1440 693 1523; x_wconf 87' lang='lat' dir='ltr'><strong>nuptiis</strong></span> <span class='ocrx_word' id='word_1_69' title='bbox 711 1441 910 1505; x_wconf 84' lang='lat' dir='ltr'><strong>necessaria</strong></span> <span class='ocrx_word' id='word_1_70' title='bbox 926 1446 1186 1521; x_wconf 80' lang='lat' dir='ltr'><strong>procuraturus.</strong></span> <span class='ocrx_word' id='word_1_71' title='bbox 1212 1440 1320 1525; x_wconf 86' lang='lat' dir='ltr'><strong>Virgo</strong></span> <span class='ocrx_word' id='word_1_72' title='bbox 1338 1447 1454 1508; x_wconf 86' lang='lat' dir='ltr'><strong>autem</strong></span> 
     </span>
     <span class='ocr_line' id='line_1_10' title="bbox 257 1543 1455 1627; baseline 0.003 -20"><span class='ocrx_word' id='word_1_73' title='bbox 257 1543 389 1610; x_wconf 91' lang='lat' dir='ltr'><strong>domini</strong></span> <span class='ocrx_word' id='word_1_74' title='bbox 404 1543 520 1607; x_wconf 87' lang='lat' dir='ltr'><strong>Maria</strong></span> <span class='ocrx_word' id='word_1_75' title='bbox 536 1565 611 1607; x_wconf 91' lang='lat' dir='ltr'><strong>cum</strong></span> <span class='ocrx_word' id='word_1_76' title='bbox 631 1543 711 1609; x_wconf 88' lang='lat' dir='ltr'><strong>aliis</strong></span> <span class='ocrx_word' id='word_1_77' title='bbox 729 1550 862 1627; x_wconf 89' lang='lat' dir='ltr'><strong>septem</strong></span> <span class='ocrx_word' id='word_1_78' title='bbox 878 1543 1070 1627; x_wconf 82' lang='lat' dir='ltr'><strong>virginibus</strong></span> <span class='ocrx_word' id='word_1_79' title='bbox 1089 1543 1223 1609; x_wconf 82' lang='lat' dir='ltr'><strong>coaevis</strong></span> <span class='ocrx_word' id='word_1_80' title='bbox 1241 1550 1277 1609; x_wconf 91' lang='lat' dir='ltr'><strong>et</strong></span> <span class='ocrx_word' id='word_1_81' title='bbox 1293 1544 1455 1611; x_wconf 90' lang='lat' dir='ltr'><strong>collacta-</strong></span> 
     </span>
     <span class='ocr_line' id='line_1_11' title="bbox 257 1645 1454 1730; baseline 0.003 -19"><span class='ocrx_word' id='word_1_82' title='bbox 257 1647 343 1727; x_wconf 89' lang='lat' dir='ltr'><strong>neis,</strong></span> <span class='ocrx_word' id='word_1_83' title='bbox 361 1667 446 1730; x_wconf 87' lang='lat' dir='ltr'><strong>quas</strong></span> <span class='ocrx_word' id='word_1_84' title='bbox 464 1667 484 1712; x_wconf 88' lang='lat' dir='ltr'><strong>a</strong></span> <span class='ocrx_word' id='word_1_85' title='bbox 500 1645 680 1711; x_wconf 88' lang='lat' dir='ltr'><strong>sacerdote</strong></span> <span class='ocrx_word' id='word_1_86' title='bbox 698 1654 891 1730; x_wconf 81' lang='lat' dir='ltr'><strong>acceperat,</strong></span> <span class='ocrx_word' id='word_1_87' title='bbox 909 1645 1101 1712; x_wconf 87' lang='lat' dir='ltr'><strong>addemum</strong></span> <span class='ocrx_word' id='word_1_88' title='bbox 1118 1651 1454 1729; x_wconf 90' lang='lat' dir='ltr'><strong>parentumsuorum</strong></span> 
     </span>
     <span class='ocr_line' id='line_1_12' title="bbox 255 1749 738 1817; baseline -0.002 -3"><span class='ocrx_word' id='word_1_89' title='bbox 255 1760 292 1816; x_wconf 83' lang='lat' dir='ltr'><strong>in</strong></span> <span class='ocrx_word' id='word_1_90' title='bbox 312 1749 505 1817; x_wconf 87' lang='lat' dir='ltr'><strong>Galilaeam</strong></span> <span class='ocrx_word' id='word_1_91' title='bbox 522 1770 660 1814; x_wconf 83' lang='lat' dir='ltr'><strong>reversa</strong></span> <span class='ocrx_word' id='word_1_92' title='bbox 676 1754 738 1815; x_wconf 90' lang='lat' dir='ltr'><strong>est.</strong></span> 
     </span>
    </p>
   </div>
   <div class='ocr_carea' id='block_1_3' title="bbox 750 1969 961 2037">
    <p class='ocr_par' dir='ltr' id='par_1_3' title="bbox 750 1969 961 2037">
     <span class='ocr_line' id='line_1_13' title="bbox 750 1969 961 2037; baseline -0.014 0"><span class='ocrx_word' id='word_1_93' title='bbox 750 1969 871 2037; x_wconf 74' lang='lat' dir='ltr'><strong>Oaros</strong></span> <span class='ocrx_word' id='word_1_94' title='bbox 893 1970 961 2036; x_wconf 90' lang='lat' dir='ltr'><strong>IX.</strong></span> 
     </span>
    </p>
   </div>
   <div class='ocr_carea' id='block_1_4' title="bbox 252 2141 1455 2856">
    <p class='ocr_par' dir='ltr' id='par_1_4' title="bbox 252 2141 1455 2856">
     <span class='ocr_line' id='line_1_14' title="bbox 343 2141 1455 2226; baseline 0.002 -19"><span class='ocrx_word' id='word_1_95' title='bbox 343 2142 437 2208; x_wconf 90' lang='lat' dir='ltr'><strong>¹His</strong></span> <span class='ocrx_word' id='word_1_96' title='bbox 461 2164 541 2208; x_wconf 78' lang='lat' dir='ltr'><strong>vero</strong></span> <span class='ocrx_word' id='word_1_97' title='bbox 565 2141 704 2223; x_wconf 86' lang='lat' dir='ltr'><strong>diebus,</strong></span> <span class='ocrx_word' id='word_1_98' title='bbox 731 2142 842 2226; x_wconf 88' lang='lat' dir='ltr'><strong>primo</strong></span> <span class='ocrx_word' id='word_1_99' title='bbox 866 2141 1004 2207; x_wconf 90' lang='lat' dir='ltr'><strong>scilicet</strong></span> <span class='ocrx_word' id='word_1_100' title='bbox 1025 2141 1194 2209; x_wconf 89' lang='lat' dir='ltr'><strong>adventus</strong></span> <span class='ocrx_word' id='word_1_101' title='bbox 1218 2143 1272 2209; x_wconf 90' lang='lat' dir='ltr'><strong>sui</strong></span> <span class='ocrx_word' id='word_1_102' title='bbox 1298 2143 1334 2208; x_wconf 91' lang='lat' dir='ltr'><strong>in</strong></span> <span class='ocrx_word' id='word_1_103' title='bbox 1359 2141 1455 2211; x_wconf 85' lang='lat' dir='ltr'><strong>Gali·</strong></span> 
     </span>
     <span class='ocr_line' id='line_1_15' title="bbox 254 2243 1454 2332; baseline 0.001 -20"><span class='ocrx_word' id='word_1_104' title='bbox 254 2247 367 2313; x_wconf 91' lang='lat' dir='ltr'><strong>laeam</strong></span> <span class='ocrx_word' id='word_1_105' title='bbox 384 2252 549 2330; x_wconf 89' lang='lat' dir='ltr'><strong>tempore,</strong></span> <span class='ocrx_word' id='word_1_106' title='bbox 570 2247 695 2312; x_wconf 91' lang='lat' dir='ltr'><strong>missus</strong></span> <span class='ocrx_word' id='word_1_107' title='bbox 714 2252 767 2312; x_wconf 92' lang='lat' dir='ltr'><strong>est</strong></span> <span class='ocrx_word' id='word_1_108' title='bbox 783 2246 825 2311; x_wconf 87' lang='lat' dir='ltr'><strong>ad</strong></span> <span class='ocrx_word' id='word_1_109' title='bbox 844 2268 918 2312; x_wconf 87' lang='lat' dir='ltr'><strong>eam</strong></span> <span class='ocrx_word' id='word_1_110' title='bbox 935 2245 1080 2330; x_wconf 88' lang='lat' dir='ltr'><strong>angelus</strong></span> <span class='ocrx_word' id='word_1_111' title='bbox 1100 2243 1245 2313; x_wconf 86' lang='lat' dir='ltr'><strong>Gabriel</strong></span> <span class='ocrx_word' id='word_1_112' title='bbox 1264 2267 1285 2312; x_wconf 88' lang='lat' dir='ltr'><strong>a</strong></span> <span class='ocrx_word' id='word_1_113' title='bbox 1301 2246 1376 2331; x_wconf 91' lang='lat' dir='ltr'><strong>deo,</strong></span> <span class='ocrx_word' id='word_1_114' title='bbox 1395 2248 1454 2332; x_wconf 91' lang='lat' dir='ltr'><strong>qui</strong></span> 
     </span>
     <span class='ocr_line' id='line_1_16' title="bbox 256 2350 1454 2435; baseline -0.002 -17"><span class='ocrx_word' id='word_1_115' title='bbox 256 2352 289 2418; x_wconf 91' lang='lat' dir='ltr'><strong>ei</strong></span> <span class='ocrx_word' id='word_1_116' title='bbox 307 2356 513 2435; x_wconf 90' lang='lat' dir='ltr'><strong>conceptum</strong></span> <span class='ocrx_word' id='word_1_117' title='bbox 531 2351 741 2417; x_wconf 91' lang='lat' dir='ltr'><strong>dominicum</strong></span> <span class='ocrx_word' id='word_1_118' title='bbox 759 2356 917 2416; x_wconf 89' lang='lat' dir='ltr'><strong>narraret</strong></span> <span class='ocrx_word' id='word_1_119' title='bbox 937 2355 971 2416; x_wconf 91' lang='lat' dir='ltr'><strong>et</strong></span> <span class='ocrx_word' id='word_1_120' title='bbox 988 2350 1229 2434; x_wconf 87' lang='lat' dir='ltr'><strong>conceptionis</strong></span> <span class='ocrx_word' id='word_1_121' title='bbox 1244 2351 1298 2416; x_wconf 84' lang='lat' dir='ltr'><strong>vel</strong></span> <span class='ocrx_word' id='word_1_122' title='bbox 1315 2350 1454 2418; x_wconf 91' lang='lat' dir='ltr'><strong>modum</strong></span> 
     </span>
     <span class='ocr_line' id='line_1_17' title="bbox 256 2455 1453 2542; baseline -0.003 -18"><span class='ocrx_word' id='word_1_123' title='bbox 256 2459 308 2524; x_wconf 82' lang='lat' dir='ltr'><strong>vel</strong></span> <span class='ocrx_word' id='word_1_124' title='bbox 327 2458 483 2525; x_wconf 86' lang='lat' dir='ltr'><strong>ordinem</strong></span> <span class='ocrx_word' id='word_1_125' title='bbox 501 2464 700 2542; x_wconf 89' lang='lat' dir='ltr'><strong>exponeret.</strong></span> <span class='ocrx_word' id='word_1_126' title='bbox 724 2457 888 2542; x_wconf 89' lang='lat' dir='ltr'><strong>Denique</strong></span> <span class='ocrx_word' id='word_1_127' title='bbox 906 2457 1084 2542; x_wconf 89' lang='lat' dir='ltr'><strong>ingressus</strong></span> <span class='ocrx_word' id='word_1_128' title='bbox 1102 2455 1145 2523; x_wconf 90' lang='lat' dir='ltr'><strong>ad</strong></span> <span class='ocrx_word' id='word_1_129' title='bbox 1163 2477 1237 2522; x_wconf 91' lang='lat' dir='ltr'><strong>eam</strong></span> <span class='ocrx_word' id='word_1_130' title='bbox 1255 2455 1453 2522; x_wconf 90' lang='lat' dir='ltr'><strong>cubiculum</strong></span> 
     </span>
     <span class='ocr_line' id='line_1_18' title="bbox 257 2561 1454 2649; baseline -0.001 -21"><span class='ocrx_word' id='word_1_131' title='bbox 257 2562 396 2649; x_wconf 89' lang='lat' dir='ltr'><strong>quidem</strong></span> <span class='ocrx_word' id='word_1_132' title='bbox 413 2563 473 2630; x_wconf 91' lang='lat' dir='ltr'><strong>ubi</strong></span> <span class='ocrx_word' id='word_1_133' title='bbox 490 2564 653 2630; x_wconf 87' lang='lat' dir='ltr'><strong>manebat</strong></span> <span class='ocrx_word' id='word_1_134' title='bbox 668 2563 803 2648; x_wconf 83' lang='lat' dir='ltr'><strong>ingenti</strong></span> <span class='ocrx_word' id='word_1_135' title='bbox 821 2562 951 2628; x_wconf 91' lang='lat' dir='ltr'><strong>lumine</strong></span> <span class='ocrx_word' id='word_1_136' title='bbox 968 2561 1133 2646; x_wconf 86' lang='lat' dir='ltr'><strong>pertudit,</strong></span> <span class='ocrx_word' id='word_1_137' title='bbox 1157 2561 1267 2646; x_wconf 82' lang='lat' dir='ltr'><strong>ipsam</strong></span> <span class='ocrx_word' id='word_1_138' title='bbox 1282 2582 1362 2628; x_wconf 78' lang='lat' dir='ltr'><strong>vero</strong></span> <span class='ocrx_word' id='word_1_139' title='bbox 1379 2583 1454 2648; x_wconf 88' lang='lat' dir='ltr'><strong>gra·</strong></span> 
     </span>
     <span class='ocr_line' id='line_1_19' title="bbox 257 2665 1452 2750; baseline -0.003 -17"><span class='ocrx_word' id='word_1_140' title='bbox 257 2669 451 2735; x_wconf 80' lang='lat' dir='ltr'><strong>tentissime</strong></span> <span class='ocrx_word' id='word_1_141' title='bbox 469 2668 625 2733; x_wconf 85' lang='lat' dir='ltr'><strong>salutans</strong></span> <span class='ocrx_word' id='word_1_142' title='bbox 637 2667 737 2733; x_wconf 85' lang='lat' dir='ltr'><strong>dixit:</strong></span> <span class='ocrx_word' id='word_1_143' title='bbox 763 2665 836 2733; x_wconf 83' lang='lat' dir='ltr'><strong>Ave</strong></span> <span class='ocrx_word' id='word_1_144' title='bbox 848 2667 971 2748; x_wconf 82' lang='lat' dir='ltr'><strong>Maria,</strong></span> <span class='ocrx_word' id='word_1_145' title='bbox 988 2665 1083 2750; x_wconf 83' lang='lat' dir='ltr'><strong>virgo</strong></span> <span class='ocrx_word' id='word_1_146' title='bbox 1097 2666 1226 2733; x_wconf 91' lang='lat' dir='ltr'><strong>domini</strong></span> <span class='ocrx_word' id='word_1_147' title='bbox 1244 2665 1452 2750; x_wconf 88' lang='lat' dir='ltr'><strong>gratissima,</strong></span> 
     </span>
     <span class='ocr_line' id='line_1_20' title="bbox 252 2767 1452 2856; baseline -0.001 -21"><span class='ocrx_word' id='word_1_148' title='bbox 252 2773 349 2856; x_wconf 78' lang='lat' dir='ltr'><strong>uirgo</strong></span> <span class='ocrx_word' id='word_1_149' title='bbox 367 2770 480 2856; x_wconf 83' lang='lat' dir='ltr'><strong>gratia</strong></span> <span class='ocrx_word' id='word_1_150' title='bbox 494 2770 609 2854; x_wconf 88' lang='lat' dir='ltr'><strong>plena,</strong></span> <span class='ocrx_word' id='word_1_151' title='bbox 627 2769 789 2836; x_wconf 90' lang='lat' dir='ltr'><strong>dominus</strong></span> <span class='ocrx_word' id='word_1_152' title='bbox 800 2776 924 2851; x_wconf 91' lang='lat' dir='ltr'><strong>tecum,</strong></span> <span class='ocrx_word' id='word_1_153' title='bbox 941 2768 1128 2834; x_wconf 89' lang='lat' dir='ltr'><strong>benedicta</strong></span> <span class='ocrx_word' id='word_1_154' title='bbox 1144 2773 1180 2833; x_wconf 90' lang='lat' dir='ltr'><strong>tu</strong></span> <span class='ocrx_word' id='word_1_155' title='bbox 1193 2789 1275 2852; x_wconf 88' lang='lat' dir='ltr'><strong>prae</strong></span> <span class='ocrx_word' id='word_1_156' title='bbox 1293 2767 1452 2834; x_wconf 89' lang='lat' dir='ltr'><strong>omnibus</strong></span> 
     </span>
    </p>
   </div>
   <div class='ocr_carea' id='block_1_5' title="bbox 251 2870 1453 3885">
    <p class='ocr_par' dir='ltr' id='par_1_5' title="bbox 251 2870 1453 3885">
     <span class='ocr_line' id='line_1_21' title="bbox 255 2870 1450 2958; baseline -0.001 -19"><span class='ocrx_word' id='word_1_157' title='bbox 255 2873 470 2955; x_wconf 88' lang='lat' dir='ltr'><strong>mulieribus,</strong></span> <span class='ocrx_word' id='word_1_158' title='bbox 487 2873 674 2939; x_wconf 88' lang='lat' dir='ltr'><strong>benedicta</strong></span> <span class='ocrx_word' id='word_1_159' title='bbox 687 2895 769 2958; x_wconf 89' lang='lat' dir='ltr'><strong>prae</strong></span> <span class='ocrx_word' id='word_1_160' title='bbox 782 2871 941 2940; x_wconf 91' lang='lat' dir='ltr'><strong>omnibus</strong></span> <span class='ocrx_word' id='word_1_161' title='bbox 958 2870 1126 2938; x_wconf 87' lang='lat' dir='ltr'><strong>hactenus</strong></span> <span class='ocrx_word' id='word_1_162' title='bbox 1139 2872 1230 2937; x_wconf 87' lang='lat' dir='ltr'><strong>natis</strong></span> <span class='ocrx_word' id='word_1_163' title='bbox 1241 2870 1450 2939; x_wconf 87' lang='lat' dir='ltr'><strong>hominibus.</strong></span> 
     </span>
     <span class='ocr_line' id='line_1_22' title="bbox 254 2975 1451 3072; baseline -0.004 -25"><span class='ocrx_word' id='word_1_164' title='bbox 254 2979 386 3062; x_wconf 84' lang='lat' dir='ltr'><strong>’Virgo</strong></span> <span class='ocrx_word' id='word_1_165' title='bbox 404 2981 519 3043; x_wconf 88' lang='lat' dir='ltr'><strong>autem</strong></span> <span class='ocrx_word' id='word_1_166' title='bbox 531 2998 619 3072; x_wconf 82' lang='lat' dir='ltr'><strong>quae</strong></span> <span class='ocrx_word' id='word_1_167' title='bbox 636 2977 704 3042; x_wconf 89' lang='lat' dir='ltr'><strong>iam</strong></span> <span class='ocrx_word' id='word_1_168' title='bbox 720 2976 898 3062; x_wconf 89' lang='lat' dir='ltr'><strong>angelicos</strong></span> <span class='ocrx_word' id='word_1_169' title='bbox 909 2975 997 3042; x_wconf 92' lang='lat' dir='ltr'><strong>bene</strong></span> <span class='ocrx_word' id='word_1_170' title='bbox 1010 2975 1277 3042; x_wconf 80' lang='lat' dir='ltr'><strong>noveratvultus</strong></span> <span class='ocrx_word' id='word_1_171' title='bbox 1289 2976 1451 3042; x_wconf 90' lang='lat' dir='ltr'><strong>etlumen</strong></span> 
     </span>
     <span class='ocr_line' id='line_1_23' title="bbox 253 3080 1453 3166; baseline -0.001 -19"><span class='ocrx_word' id='word_1_172' title='bbox 253 3081 407 3148; x_wconf 89' lang='lat' dir='ltr'><strong>caeleste</strong></span> <span class='ocrx_word' id='word_1_173' title='bbox 425 3081 602 3146; x_wconf 90' lang='lat' dir='ltr'><strong>insuetum</strong></span> <span class='ocrx_word' id='word_1_174' title='bbox 619 3103 687 3146; x_wconf 94' lang='lat' dir='ltr'><strong>non</strong></span> <span class='ocrx_word' id='word_1_175' title='bbox 699 3080 860 3162; x_wconf 84' lang='lat' dir='ltr'><strong>habebat,</strong></span> <span class='ocrx_word' id='word_1_176' title='bbox 881 3101 993 3165; x_wconf 90' lang='lat' dir='ltr'><strong>neque</strong></span> <span class='ocrx_word' id='word_1_177' title='bbox 1011 3080 1172 3166; x_wconf 87' lang='lat' dir='ltr'><strong>angelica</strong></span> <span class='ocrx_word' id='word_1_178' title='bbox 1181 3082 1313 3147; x_wconf 90' lang='lat' dir='ltr'><strong>visione</strong></span> <span class='ocrx_word' id='word_1_179' title='bbox 1331 3082 1453 3147; x_wconf 88' lang='lat' dir='ltr'><strong>territa</strong></span> 
     </span>
     <span class='ocr_line' id='line_1_24' title="bbox 255 3184 1453 3269; baseline -0.001 -19"><span class='ocrx_word' id='word_1_180' title='bbox 255 3207 370 3269; x_wconf 90' lang='lat' dir='ltr'><strong>neque</strong></span> <span class='ocrx_word' id='word_1_181' title='bbox 392 3184 533 3249; x_wconf 91' lang='lat' dir='ltr'><strong>luminis</strong></span> <span class='ocrx_word' id='word_1_182' title='bbox 550 3184 790 3269; x_wconf 76' lang='lat' dir='ltr'><strong>magnitudine</strong></span> <span class='ocrx_word' id='word_1_183' title='bbox 807 3184 1017 3268; x_wconf 80' lang='lat' dir='ltr'><strong>stupefacta,</strong></span> <span class='ocrx_word' id='word_1_184' title='bbox 1042 3184 1103 3249; x_wconf 88' lang='lat' dir='ltr'><strong>sed</strong></span> <span class='ocrx_word' id='word_1_185' title='bbox 1128 3185 1164 3248; x_wconf 89' lang='lat' dir='ltr'><strong>in</strong></span> <span class='ocrx_word' id='word_1_186' title='bbox 1188 3186 1262 3251; x_wconf 88' lang='lat' dir='ltr'><strong>solo</strong></span> <span class='ocrx_word' id='word_1_187' title='bbox 1287 3186 1362 3251; x_wconf 88' lang='lat' dir='ltr'><strong>eius</strong></span> <span class='ocrx_word' id='word_1_188' title='bbox 1384 3207 1453 3251; x_wconf 89' lang='lat' dir='ltr'><strong>ser·</strong></span> 
     </span>
     <span class='ocr_line' id='line_1_25' title="bbox 254 3286 1452 3372; baseline 0 -21"><span class='ocrx_word' id='word_1_189' title='bbox 254 3308 357 3352; x_wconf 91' lang='lat' dir='ltr'><strong>mone</strong></span> <span class='ocrx_word' id='word_1_190' title='bbox 376 3286 517 3352; x_wconf 88' lang='lat' dir='ltr'><strong>turbata</strong></span> <span class='ocrx_word' id='word_1_191' title='bbox 533 3293 600 3368; x_wconf 83' lang='lat' dir='ltr'><strong>est,</strong></span> <span class='ocrx_word' id='word_1_192' title='bbox 623 3292 658 3352; x_wconf 90' lang='lat' dir='ltr'><strong>et</strong></span> <span class='ocrx_word' id='word_1_193' title='bbox 674 3289 827 3372; x_wconf 91' lang='lat' dir='ltr'><strong>cogitare</strong></span> <span class='ocrx_word' id='word_1_194' title='bbox 845 3289 961 3371; x_wconf 89' lang='lat' dir='ltr'><strong>eoepit</strong></span> <span class='ocrx_word' id='word_1_195' title='bbox 977 3289 1091 3370; x_wconf 89' lang='lat' dir='ltr'><strong>qualis</strong></span> <span class='ocrx_word' id='word_1_196' title='bbox 1112 3288 1181 3353; x_wconf 88' lang='lat' dir='ltr'><strong>ista</strong></span> <span class='ocrx_word' id='word_1_197' title='bbox 1201 3288 1366 3353; x_wconf 89' lang='lat' dir='ltr'><strong>salutatio</strong></span> <span class='ocrx_word' id='word_1_198' title='bbox 1384 3293 1452 3353; x_wconf 90' lang='lat' dir='ltr'><strong>tam</strong></span> 
     </span>
     <span class='ocr_line' id='line_1_26' title="bbox 256 3388 1453 3473; baseline 0.002 -20"><span class='ocrx_word' id='word_1_199' title='bbox 256 3388 401 3455; x_wconf 88' lang='lat' dir='ltr'><strong>insolita</strong></span> <span class='ocrx_word' id='word_1_200' title='bbox 421 3409 496 3453; x_wconf 90' lang='lat' dir='ltr'><strong>esse</strong></span> <span class='ocrx_word' id='word_1_201' title='bbox 517 3394 637 3471; x_wconf 89' lang='lat' dir='ltr'><strong>posset</strong></span> <span class='ocrx_word' id='word_1_202' title='bbox 653 3389 784 3472; x_wconf 87' lang='lat' dir='ltr'><strong>quidve·</strong></span> <span class='ocrx_word' id='word_1_203' title='bbox 801 3389 1027 3473; x_wconf 86' lang='lat' dir='ltr'><strong>portenderet</strong></span> <span class='ocrx_word' id='word_1_204' title='bbox 1042 3390 1094 3454; x_wconf 85' lang='lat' dir='ltr'><strong>vel</strong></span> <span class='ocrx_word' id='word_1_205' title='bbox 1113 3411 1216 3473; x_wconf 88' lang='lat' dir='ltr'><strong>quem</strong></span> <span class='ocrx_word' id='word_1_206' title='bbox 1234 3391 1336 3455; x_wconf 90' lang='lat' dir='ltr'><strong>finem</strong></span> <span class='ocrx_word' id='word_1_207' title='bbox 1360 3394 1453 3455; x_wconf 89' lang='lat' dir='ltr'><strong>osset</strong></span> 
     </span>
     <span class='ocr_line' id='line_1_27' title="bbox 253 3490 1453 3577; baseline 0 -21"><span class='ocrx_word' id='word_1_208' title='bbox 253 3491 427 3556; x_wconf 89' lang='lat' dir='ltr'><strong>habitura.</strong></span> <span class='ocrx_word' id='word_1_209' title='bbox 452 3490 546 3555; x_wconf 88' lang='lat' dir='ltr'><strong>Huic</strong></span> <span class='ocrx_word' id='word_1_210' title='bbox 561 3492 766 3575; x_wconf 86' lang='lat' dir='ltr'><strong>cogitationi</strong></span> <span class='ocrx_word' id='word_1_211' title='bbox 784 3491 928 3576; x_wconf 87' lang='lat' dir='ltr'><strong>angelus</strong></span> <span class='ocrx_word' id='word_1_212' title='bbox 941 3491 1108 3557; x_wconf 84' lang='lat' dir='ltr'><strong>divinitus</strong></span> <span class='ocrx_word' id='word_1_213' title='bbox 1125 3493 1317 3577; x_wconf 91' lang='lat' dir='ltr'><strong>inspiratus</strong></span> <span class='ocrx_word' id='word_1_214' title='bbox 1336 3513 1453 3558; x_wconf 87' lang='lat' dir='ltr'><strong>oecur-</strong></span> 
     </span>
     <span class='ocr_line' id='line_1_28' title="bbox 254 3592 1451 3678; baseline 0.002 -20"><span class='ocrx_word' id='word_1_215' title='bbox 254 3615 347 3659; x_wconf 90' lang='lat' dir='ltr'><strong>rens:</strong></span> <span class='ocrx_word' id='word_1_216' title='bbox 372 3592 426 3659; x_wconf 90' lang='lat' dir='ltr'><strong>Ne</strong></span> <span class='ocrx_word' id='word_1_217' title='bbox 443 3595 577 3674; x_wconf 86' lang='lat' dir='ltr'><strong>timeas,</strong></span> <span class='ocrx_word' id='word_1_218' title='bbox 594 3594 720 3676; x_wconf 87' lang='lat' dir='ltr'><strong>inquit,</strong></span> <span class='ocrx_word' id='word_1_219' title='bbox 737 3594 860 3675; x_wconf 89' lang='lat' dir='ltr'><strong>Maria,</strong></span> <span class='ocrx_word' id='word_1_220' title='bbox 879 3596 978 3678; x_wconf 88' lang='lat' dir='ltr'><strong>quasi</strong></span> <span class='ocrx_word' id='word_1_221' title='bbox 996 3593 1129 3677; x_wconf 88' lang='lat' dir='ltr'><strong>aliquid</strong></span> <span class='ocrx_word' id='word_1_222' title='bbox 1142 3596 1354 3660; x_wconf 90' lang='lat' dir='ltr'><strong>contrarium</strong></span> <span class='ocrx_word' id='word_1_223' title='bbox 1372 3603 1451 3660; x_wconf 89' lang='lat' dir='ltr'><strong>tuae</strong></span> 
     </span>
     <span class='ocr_line' id='line_1_29' title="bbox 254 3694 1451 3782; baseline 0.003 -22"><span class='ocrx_word' id='word_1_224' title='bbox 254 3696 408 3761; x_wconf 82' lang='lat' dir='ltr'><strong>castitati</strong></span> <span class='ocrx_word' id='word_1_225' title='bbox 429 3694 493 3760; x_wconf 85' lang='lat' dir='ltr'><strong>hac</strong></span> <span class='ocrx_word' id='word_1_226' title='bbox 515 3696 725 3761; x_wconf 87' lang='lat' dir='ltr'><strong>salutatione</strong></span> <span class='ocrx_word' id='word_1_227' title='bbox 748 3702 956 3780; x_wconf 86' lang='lat' dir='ltr'><strong>praetexam.</strong></span> <span class='ocrx_word' id='word_1_228' title='bbox 995 3697 1166 3763; x_wconf 84' lang='lat' dir='ltr'><strong>Invenisti</strong></span> <span class='ocrx_word' id='word_1_229' title='bbox 1189 3699 1280 3763; x_wconf 89' lang='lat' dir='ltr'><strong>onim</strong></span> <span class='ocrx_word' id='word_1_230' title='bbox 1303 3701 1451 3782; x_wconf 87' lang='lat' dir='ltr'><strong>gratiam</strong></span> 
     </span>
     <span class='ocr_line' id='line_1_30' title="bbox 251 3797 1450 3885; baseline 0.001 -22"><span class='ocrx_word' id='word_1_231' title='bbox 251 3797 346 3882; x_wconf 86' lang='lat' dir='ltr'><strong>apud</strong></span> <span class='ocrx_word' id='word_1_232' title='bbox 368 3797 558 3878; x_wconf 87' lang='lat' dir='ltr'><strong>dominum,</strong></span> <span class='ocrx_word' id='word_1_233' title='bbox 582 3798 665 3880; x_wconf 89' lang='lat' dir='ltr'><strong>quia</strong></span> <span class='ocrx_word' id='word_1_234' title='bbox 688 3800 884 3865; x_wconf 84' lang='lat' dir='ltr'><strong>castitatem</strong></span> <span class='ocrx_word' id='word_1_235' title='bbox 907 3799 1061 3883; x_wconf 89' lang='lat' dir='ltr'><strong>elegisti:</strong></span> <span class='ocrx_word' id='word_1_236' title='bbox 1086 3799 1235 3885; x_wconf 89' lang='lat' dir='ltr'><strong>ideoque</strong></span> <span class='ocrx_word' id='word_1_237' title='bbox 1257 3801 1351 3884; x_wconf 80' lang='lat' dir='ltr'><strong>virgo</strong></span> <span class='ocrx_word' id='word_1_238' title='bbox 1375 3800 1450 3865; x_wconf 93' lang='lat' dir='ltr'><strong>sine</strong></span> 
     </span>
    </p>
   </div>
   <div class='ocr_carea' id='block_1_6' title="bbox 249 4039 1451 4800">
    <p class='ocr_par' dir='ltr' id='par_1_6' title="bbox 249 4039 1451 4189">
     <span class='ocr_line' id='line_1_31' title="bbox 249 4039 1451 4106; baseline 0.002 -17"><span class='ocrx_word' id='word_1_239' title='bbox 249 4041 322 4104; x_wconf 77' lang='lat' dir='ltr'><strong>deep.</strong></span> <span class='ocrx_word' id='word_1_240' title='bbox 340 4039 441 4088; x_wconf 80' lang='lat' dir='ltr'><strong>dederet</strong></span> <span class='ocrx_word' id='word_1_241' title='bbox 459 4039 535 4088; x_wconf 79' lang='lat' dir='ltr'><strong>Febr.</strong></span> <span class='ocrx_word' id='word_1_242' title='bbox 550 4039 619 4088; x_wconf 84' lang='lat' dir='ltr'><strong>Vall.</strong></span> <span class='ocrx_word' id='word_1_243' title='bbox 633 4041 703 4091; x_wconf 84' lang='lat' dir='ltr'><strong>Thil.</strong></span> <span class='ocrx_word' id='word_1_244' title='bbox 722 4057 770 4090; x_wconf 87' lang='lat' dir='ltr'><strong>nec</strong></span> <span class='ocrx_word' id='word_1_245' title='bbox 789 4042 869 4090; x_wconf 86' lang='lat' dir='ltr'><strong>alitor</strong></span> <span class='ocrx_word' id='word_1_246' title='bbox 883 4041 941 4090; x_wconf 80' lang='lat' dir='ltr'><strong>Par.</strong></span> <span class='ocrx_word' id='word_1_247' title='bbox 967 4041 1095 4104; x_wconf 77' lang='lat' dir='ltr'><strong>Equidem</strong></span> <span class='ocrx_word' id='word_1_248' title='bbox 1114 4045 1144 4090; x_wconf 89' lang='lat' dir='ltr'><strong>ut</strong></span> <span class='ocrx_word' id='word_1_249' title='bbox 1160 4042 1212 4090; x_wconf 85' lang='lat' dir='ltr'><strong>iam</strong></span> <span class='ocrx_word' id='word_1_250' title='bbox 1231 4042 1258 4090; x_wconf 91' lang='lat' dir='ltr'><strong>in</strong></span> <span class='ocrx_word' id='word_1_251' title='bbox 1276 4041 1317 4090; x_wconf 87' lang='lat' dir='ltr'><strong>od.</strong></span> <span class='ocrx_word' id='word_1_252' title='bbox 1336 4042 1385 4105; x_wconf 87' lang='lat' dir='ltr'><strong>pri.</strong></span> <span class='ocrx_word' id='word_1_253' title='bbox 1404 4058 1451 4106; x_wconf 84' lang='lat' dir='ltr'><strong>pro</strong></span> 
     </span>
     <span class='ocr_line' id='line_1_32' title="bbox 254 4121 740 4189; baseline 0.002 -17"><span class='ocrx_word' id='word_1_254' title='bbox 254 4125 297 4188; x_wconf 74' lang='lat' dir='ltr'><strong>qut</strong></span> <span class='ocrx_word' id='word_1_255' title='bbox 308 4123 437 4173; x_wconf 79' lang='lat' dir='ltr'><strong>substitui</strong></span> <span class='ocrx_word' id='word_1_256' title='bbox 450 4124 499 4171; x_wconf 75' lang='lat' dir='ltr'><strong>eui.</strong></span> <span class='ocrx_word' id='word_1_257' title='bbox 514 4121 518 4187; x_wconf 99' lang='grc' dir='ltr'>Ι</span> <span class='ocrx_word' id='word_1_258' title='bbox 533 4124 591 4171; x_wconf 83' lang='lat' dir='ltr'><strong>Par.</strong></span> <span class='ocrx_word' id='word_1_259' title='bbox 605 4129 643 4174; x_wconf 82' lang='lat' dir='ltr'><strong>eet</strong></span> <span class='ocrx_word' id='word_1_260' title='bbox 655 4126 740 4189; x_wconf 78' lang='lat' dir='ltr'><strong>itaque</strong></span> 
     </span>
    </p>

    <p class='ocr_par' dir='ltr' id='par_1_7' title="bbox 250 4207 1451 4441">
     <span class='ocr_line' id='line_1_33' title="bbox 322 4207 1451 4274; baseline 0.002 -16"><span class='ocrx_word' id='word_1_261' title='bbox 322 4211 345 4258; x_wconf 73' lang='lat'><strong>2.</strong></span> <span class='ocrx_word' id='word_1_262' title='bbox 365 4207 564 4273; x_wconf 77' lang='lat' dir='ltr'><strong>sponsaliorum.-</strong></span> <span class='ocrx_word' id='word_1_263' title='bbox 581 4210 620 4258; x_wconf 86' lang='lat' dir='ltr'><strong>ita</strong></span> <span class='ocrx_word' id='word_1_264' title='bbox 634 4225 664 4258; x_wconf 84' lang='lat' dir='ltr'><strong>ex</strong></span> <span class='ocrx_word' id='word_1_265' title='bbox 678 4210 736 4260; x_wconf 82' lang='lat' dir='ltr'><strong>Par.</strong></span> <span class='ocrx_word' id='word_1_266' title='bbox 750 4209 880 4260; x_wconf 76' lang='lat' dir='ltr'><strong>dedimus.</strong></span> <span class='ocrx_word' id='word_1_267' title='bbox 906 4209 993 4259; x_wconf 81' lang='lat' dir='ltr'><strong>Antea</strong></span> <span class='ocrx_word' id='word_1_268' title='bbox 1006 4211 1152 4274; x_wconf 76' lang='lat' dir='ltr'><strong>nuptiarum</strong></span> <span class='ocrx_word' id='word_1_269' title='bbox 1166 4211 1302 4260; x_wconf 82' lang='lat' dir='ltr'><strong>edebatur.</strong></span> <span class='ocrx_word' id='word_1_270' title='bbox 1317 4208 1322 4274; x_wconf 89' lang='grc' dir='ltr'>Ι</span> <span class='ocrx_word' id='word_1_271' title='bbox 1336 4212 1362 4260; x_wconf 82' lang='lat' dir='ltr'><strong>ts</strong></span> <span class='ocrx_word' id='word_1_272' title='bbox 1378 4212 1451 4261; x_wconf 74' lang='lat' dir='ltr'><strong>oali-</strong></span> 
     </span>
     <span class='ocr_line' id='line_1_34' title="bbox 250 4293 1451 4362; baseline 0 -16"><span class='ocrx_word' id='word_1_273' title='bbox 250 4295 336 4346; x_wconf 45' lang='lat' dir='ltr'><strong>1lceam</strong></span> <span class='ocrx_word' id='word_1_274' title='bbox 350 4300 382 4345; x_wconf 89' lang='lat' dir='ltr'><strong>ut</strong></span> <span class='ocrx_word' id='word_1_275' title='bbox 400 4295 468 4343; x_wconf 84' lang='lat' dir='ltr'><strong>Vull.</strong></span> <span class='ocrx_word' id='word_1_276' title='bbox 487 4299 515 4345; x_wconf 87' lang='lat' dir='ltr'><strong>et</strong></span> <span class='ocrx_word' id='word_1_277' title='bbox 531 4294 604 4354; x_wconf 62' lang='lat' dir='ltr'><strong>Pam</strong></span> <span class='ocrx_word' id='word_1_278' title='bbox 628 4295 704 4344; x_wconf 79' lang='lat' dir='ltr'><strong>Febr.</strong></span> <span class='ocrx_word' id='word_1_279' title='bbox 723 4303 750 4346; x_wconf 88' lang='lat' dir='ltr'><strong>et</strong></span> <span class='ocrx_word' id='word_1_280' title='bbox 767 4295 838 4345; x_wconf 79' lang='lat' dir='ltr'><strong>Tliil.</strong></span> <span class='ocrx_word' id='word_1_281' title='bbox 861 4296 887 4344; x_wconf 78' lang='lat' dir='ltr'><strong>in</strong></span> <span class='ocrx_word' id='word_1_282' title='bbox 907 4296 1029 4345; x_wconf 77' lang='lat' dir='ltr'><strong>Galilaea</strong></span> <span class='ocrx_word' id='word_1_283' title='bbox 1047 4293 1052 4361; x_wconf 96' lang='grc' dir='ltr'>Ι</span> <span class='ocrx_word' id='word_1_284' title='bbox 1070 4301 1163 4361; x_wconf 79' lang='lat' dir='ltr'><strong>septem</strong></span> <span class='ocrx_word' id='word_1_285' title='bbox 1179 4297 1332 4362; x_wconf 73' lang='lat' dir='ltr'><strong>virginibus.-</strong></span> <span class='ocrx_word' id='word_1_286' title='bbox 1355 4299 1389 4349; x_wconf 87' lang='lat' dir='ltr'><strong>ct&#39;.</strong></span> <span class='ocrx_word' id='word_1_287' title='bbox 1407 4299 1451 4346; x_wconf 78' lang='lat' dir='ltr'><strong>Pe.</strong></span> 
     </span>
     <span class='ocr_line' id='line_1_35' title="bbox 253 4365 1434 4441; baseline 0 -9"><span class='ocrx_word' id='word_1_288' title='bbox 253 4384 353 4434; x_wconf 67' lang='lat' dir='ltr'><strong>netes.</strong></span> <span class='ocrx_word' id='word_1_289' title='bbox 371 4381 450 4441; x_wconf 80' lang='lat' dir='ltr'><strong>vni,</strong></span> <span class='ocrx_word' id='word_1_290' title='bbox 469 4382 493 4432; x_wconf 84' lang='lat'><strong>5.</strong></span> <span class='ocrx_word' id='word_1_291' title='bbox 1394 4365 1396 4369; x_wconf 76' lang='grc'><em>’</em></span> <span class='ocrx_word' id='word_1_292' title='bbox 1431 4373 1434 4378; x_wconf 81' lang='grc'><em>“</em></span> 
     </span>
    </p>

    <p class='ocr_par' dir='ltr' id='par_1_8' title="bbox 323 4468 755 4529">
     <span class='ocr_line' id='line_1_36' title="bbox 323 4468 755 4529; baseline -0.007 -7"><span class='ocrx_word' id='word_1_293' title='bbox 323 4470 368 4529; x_wconf 81' lang='lat' dir='ltr'><strong>lx,</strong></span> <span class='ocrx_word' id='word_1_294' title='bbox 388 4472 461 4520; x_wconf 80' lang='lat'>1-4.</span> <span class='ocrx_word' id='word_1_295' title='bbox 487 4468 528 4520; x_wconf 85' lang='lat' dir='ltr'><strong>cf.</strong></span> <span class='ocrx_word' id='word_1_296' title='bbox 542 4470 584 4521; x_wconf 80' lang='lat' dir='ltr'><strong>l‘s.</strong></span> <span class='ocrx_word' id='word_1_297' title='bbox 598 4471 696 4522; x_wconf 85' lang='lat' dir='ltr'><strong>Mattb.</strong></span> <span class='ocrx_word' id='word_1_298' title='bbox 711 4470 755 4521; x_wconf 84' lang='lat' dir='ltr'><strong>lx.</strong></span> 
     </span>
    </p>

    <p class='ocr_par' dir='ltr' id='par_1_9' title="bbox 253 4557 1447 4699">
     <span class='ocr_line' id='line_1_37' title="bbox 325 4557 1447 4630; baseline 0.003 -20"><span class='ocrx_word' id='word_1_299' title='bbox 325 4563 347 4610; x_wconf 92' lang='lat'><strong>1.</strong></span> <span class='ocrx_word' id='word_1_300' title='bbox 365 4560 392 4609; x_wconf 78' lang='lat' dir='ltr'><strong>ia</strong></span> <span class='ocrx_word' id='word_1_301' title='bbox 407 4558 566 4610; x_wconf 71' lang='lat' dir='ltr'><strong>ostilaeam:</strong></span> <span class='ocrx_word' id='word_1_302' title='bbox 583 4559 641 4610; x_wconf 80' lang='lat' dir='ltr'><strong>Per.</strong></span> <span class='ocrx_word' id='word_1_303' title='bbox 654 4575 705 4611; x_wconf 90' lang='lat' dir='ltr'><strong>om.</strong></span> <span class='ocrx_word' id='word_1_304' title='bbox 724 4558 728 4626; x_wconf 99' lang='grc' dir='ltr'>Ι</span> <span class='ocrx_word' id='word_1_305' title='bbox 748 4559 806 4610; x_wconf 86' lang='lat' dir='ltr'><strong>Pur.</strong></span> <span class='ocrx_word' id='word_1_306' title='bbox 825 4560 868 4625; x_wconf 78' lang='lat' dir='ltr'><strong>qui</strong></span> <span class='ocrx_word' id='word_1_307' title='bbox 884 4560 908 4609; x_wconf 81' lang='lat' dir='ltr'><strong>ei</strong></span> <span class='ocrx_word' id='word_1_308' title='bbox 924 4565 949 4610; x_wconf 81' lang='lat' dir='ltr'><strong>et</strong></span> <span class='ocrx_word' id='word_1_309' title='bbox 967 4558 971 4625; x_wconf 96' lang='grc' dir='ltr'>Ι</span> <span class='ocrx_word' id='word_1_310' title='bbox 987 4562 1193 4625; x_wconf 73' lang='lat' dir='ltr'><strong>gratantissime:</strong></span> <span class='ocrx_word' id='word_1_311' title='bbox 1211 4562 1270 4612; x_wconf 75' lang='lat' dir='ltr'><strong>Per.</strong></span> <span class='ocrx_word' id='word_1_312' title='bbox 1284 4557 1447 4630; x_wconf 69' lang='lat' dir='ltr'><strong>gratissime!</strong></span> 
     </span>
     <span class='ocr_line' id='line_1_38' title="bbox 253 4647 677 4699; baseline -0.005 -1"><span class='ocrx_word' id='word_1_313' title='bbox 253 4649 384 4699; x_wconf 74' lang='lat' dir='ltr'><strong>benedicto</strong></span> <span class='ocrx_word' id='word_1_314' title='bbox 396 4662 448 4698; x_wconf 83' lang='lat' dir='ltr'><strong>seo.</strong></span> <span class='ocrx_word' id='word_1_315' title='bbox 462 4648 535 4697; x_wconf 87' lang='lat' dir='ltr'><strong>loco:</strong></span> <span class='ocrx_word' id='word_1_316' title='bbox 555 4647 613 4697; x_wconf 84' lang='lat' dir='ltr'><strong>Par.</strong></span> <span class='ocrx_word' id='word_1_317' title='bbox 627 4663 677 4697; x_wconf 92' lang='lat' dir='ltr'><strong>om.</strong></span> 
     </span>
    </p>

    <p class='ocr_par' dir='ltr' id='par_1_10' title="bbox 324 4733 847 4800">
     <span class='ocr_line' id='line_1_39' title="bbox 324 4733 847 4800; baseline 0 -15"><span class='ocrx_word' id='word_1_318' title='bbox 324 4739 348 4785; x_wconf 74' lang='lat' dir='ltr'><strong>t.</strong></span> <span class='ocrx_word' id='word_1_319' title='bbox 364 4740 526 4800; x_wconf 70' lang='lat' dir='ltr'><strong>praetexata:</strong></span> <span class='ocrx_word' id='word_1_320' title='bbox 543 4735 601 4785; x_wconf 84' lang='lat' dir='ltr'><strong>Per.</strong></span> <span class='ocrx_word' id='word_1_321' title='bbox 611 4739 773 4800; x_wconf 80' lang='lat' dir='ltr'><strong>praetensum</strong></span> <span class='ocrx_word' id='word_1_322' title='bbox 785 4733 847 4798; x_wconf 87' lang='lat' dir='ltr'><strong>(sic)</strong></span> 
     </span>
    </p>
   </div>
   <div class='ocr_carea' id='block_1_7' title="bbox 0 0 1734 5640">
    <p class='ocr_par' dir='ltr' id='par_1_11' title="bbox 0 0 1734 5640">
     <span class='ocr_line' id='line_1_40' title="bbox 0 0 1734 5640; baseline 0 2"><span class='ocrx_word' id='word_1_323' title='bbox 0 0 1734 5640; x_wconf 95' lang='lat' dir='ltr'><strong> </strong></span> 
     </span>
    </p>
   </div>
  </div>
 </body>
</html>
