3458 5640
460 610 792 661 Patrono-ornament
813 608 1056 662 EVANGELIUM.
1086 610 1161 661 cnr.
1181 611 1213 661 X.
1398 605 1437 673 71

233 778 276 824 ee
293 758 420 839 Maria,
445 761 610 843 quoniam
632 762 667 826 in
690 765 791 826 utero
809 765 868 825 tuo
886 759 1123 826 habitaculum
1141 759 1281 826 domino
1297 781 1441 845 praepa·

236 864 334 930 rasti.
364 863 457 928 Ecce
474 865 590 929 reniet
605 863 665 929 lux
683 864 724 930 de
743 863 839 930 caelo
857 870 897 929 nt
911 863 1047 930 habitet
1063 863 1098 929 in
1115 870 1160 946 te,
1185 870 1221 930 et
1235 886 1299 949 per
1314 870 1347 931 te
1366 865 1441 930 uni·

232 989 335 1034 vverso
352 967 479 1033 mundo
500 967 750 1052 resplendebit.

324 1071 479 1138 'Iterum
496 1071 602 1138 tertia
618 1072 674 1138 die
692 1071 774 1137 dum
791 1076 996 1156 operaretur
1011 1093 1200 1156 purpuram
1217 1072 1338 1158 digitis
1356 1073 1439 1156 suis,

232 1178 416 1262 ingressus
441 1183 494 1241 est
520 1176 562 1241 nd
586 1199 660 1242 earn
682 1176 833 1258 iuvenis,
860 1176 959 1241 cuius
981 1176 1207 1260 pulchritudo
1232 1198 1302 1242 non
1324 1178 1441 1261 potuit

237 1281 405 1346 enarrari.
438 1277 550 1363 Quem
566 1280 685 1345 videns
702 1279 817 1344 Maria
839 1279 976 1363 expavit
992 1284 1028 1345 et
1044 1281 1262 1345 contremuit.
1295 1279 1361 1346 Oui
1378 1281 1439 1346 ille

237 1385 302 1448 ait:
334 1383 417 1448 Noli
440 1385 560 1448 timere
583 1383 711 1463 Maria,
737 1382 901 1447 invenisti
927 1381 1074 1465 gratiam
1099 1382 1191 1465 apud
1215 1381 1331 1448 deum:
1358 1404 1439 1448 ecce

237 1487 416 1570 concipies
432 1487 468 1550 in
486 1490 585 1550 utero
603 1491 638 1550 et
653 1485 768 1569 paries
786 1505 916 1568 regern,
940 1485 999 1568 qui
1023 1485 1173 1567 imperet
1188 1504 1257 1549 non
1275 1483 1386 1551 solum
1403 1486 1439 1551 in

238 1593 333 1654 terra
348 1589 409 1654 sed
427 1594 462 1654 et
478 1588 513 1652 in
532 1588 649 1669 caelis,
668 1594 703 1654 et
718 1585 880 1672 regnabit
896 1588 932 1651 in
950 1587 1070 1652 secula
1086 1587 1293 1654 seculorum.
1489 1592 1496 1602 ““

1341 1767 1363 1810 23

742 1791 863 1859 Gerar
885 1793 933 1857 X.

328 1949 414 2016 Cum
424 1949 510 2015 haec
521 1954 718 2033 agerentur,
736 1947 865 2032 Ioseph
880 1948 915 2013 in
928 1947 1172 2033 Gapharnaum
1183 1948 1356 2015 maritima
1367 1938 1442 2015 erat

241 2055 276 2119 in
289 2075 392 2138 opere
405 2058 604 2136 occupatus,
623 2058 698 2118 erat
714 2052 806 2118 enim
819 2051 1030 2137 inberligni:
1048 2053 1108 2120 ubi
1120 2057 1274 2118 moratus
1286 2057 1340 2118 est
1350 2072 1442 2117 rnen·

236 2157 339 2222 nibus
362 2178 491 2222 norem.
537 2157 781 2240 Baianosque
805 2157 841 2221 in
863 2155 1000 2223 donrnm
1023 2178 1119 2222 suam
1140 2156 1273 2221 invenit
1292 2155 1441 2221 Mariam

242 2265 500 2345 praegnantem.
528 2259 681 2326 Ettotus
694 2259 906 2326 contremuit
916 2266 951 2326 et
962 2261 1097 2344 positus
1108 2260 1144 2324 in
1155 2259 1318 2343 angustia
1330 2257 1440 2325 excla-

242 2364 347 2429 mavit
362 2370 397 2430 et
413 2363 513 2429 dirit':
537 2364 689 2431 Domine
702 2363 798 2448 dena,
817 2364 936 2448 accipe
954 2363 1116 2447 spiritum
1133 2383 1255 2445 meum,
1274 2363 1439 2446 quoniam

241 2466 366 2533 melius
384 2473 437 2532 est
453 2467 536 2532 rnihi
553 2468 639 2533 mori
657 2489 760 2552 qnam
776 2469 898 2533 vivere.
925 2464 990 2533 Oui
1008 2465 1172 2531 dixerunt
1182 2466 1333 2551 virgines
1350 2487 1438 2550 qnae

242 2570 560 2636 cumMariaerant:
575 2569 739 2654 Quidaie,
749 2566 1047 2653 domineIoseph?
1057 2568 1439 2652 Nosscimusquoniam

240 2673 294 2740 vir
304 2697 373 2740 non
383 2675 502 2759 tetigit
512 2696 602 2756 eam3
620 2695 683 2740 non
695 2675 823 2739 scimus
835 2672 997 2757 quoniam
1011 2672 1195 2757 integritas
1212 2678 1248 2738 et
1257 2670 1438 2756 virginitas

240 2891 319 2946 tram,
333 2900 348 2935 rr
360 2886 387 2935 in
398 2890 478 2935 niente
490 2891 535 2936 tna
548 2881 553 2950 Ι
567 2898 584 2934 rr
596 2883 776 2934 habitationem
790 2878 794 2949 Ι
808 2883 922 2934 domino:
935 2897 951 2932 n
963 2882 1009 2933 deo
1022 2878 1026 2950 Ι
1042 2896 1059 2933 Δ
1070 2884 1174 2947 peracti
1187 2880 1191 2950 Ι
1205 2888 1233 2934 at
1244 2884 1353 2936 babitetr
1366 2898 1402 2936 aa
1414 2890 1440 2937 et

237 2974 368 3023 habitabit
380 2971 385 3038 Ι
399 2987 414 3023 ο
426 2973 568 3022 traicerem
580 2973 696 3021 mandam
708 2970 760 3035 (ita
773 2977 809 3021 ct.
823 2969 853 3035 n)
867 2970 1029 3034 resplendeat
1293 2947 1298 2970 ⁸

314 3063 338 3110 2.
359 3060 455 3110 lteram
467 3063 499 3109 nt
510 3071 581 3117 enm
601 3072 634 3108 aa
647 3059 712 3108 Item
731 3054 735 3124 Ι
750 3072 766 3108 r
778 3058 819 3107 die
832 3059 910 3108 tercio
923 3062 952 3108 et
964 3072 1006 3107 om
1018 3058 1108 3122 dipr‘tie
1119 3058 1172 3108 rate
1190 3055 1195 3122 Ι
1218 3058 1309 3122 Quem:
1328 3073 1344 3108 r
1356 3058 1441 3122 Hane,

242 3158 259 3196 a
273 3147 341 3196 tirno
354 3143 358 3211 Ι
373 3162 388 3196 Δ
400 3164 454 3196 earn
463 3147 527 3196 vidit
538 3142 542 3213 Ι
559 3146 621 3196 Noli
633 3172 642 3183 ·
655 3146 725 3210 apud
738 3144 766 3207 (a
776 3145 847 3206 ante)
857 3146 929 3195 deam
938 3149 969 3196 ut
979 3158 1012 3195 cn
1024 3145 1055 3208 (n
1066 3160 1107 3195 orn
1118 3146 1217 3204 Μανία,
1231 3162 1345 3213 pergens
1357 3147 1439 3199 inere.

243 3232 328 3296 enim).
354 3233 528 3296 Praeponont
539 3248 601 3283 vero
615 3233 657 3282 hie
671 3246 687 3280 n
701 3235 755 3281 Aee
767 3232 866 3290 Μανία,
881 3232 972 3295 gratia
980 3232 1067 3295 piena,
1080 3233 1194 3281 dominre
1206 3237 1292 3291 tecam,
1309 3237 1355 3284 ete.
1369 3232 1441 3296 (eie),

243 3331 281 3376 nn
296 3321 350 3367 Aee
361 3320 460 3376 Maria,
475 3318 566 3382 gratia
573 3317 661 3379 plena,
679 3318 744 3366 dom.
765 3321 858 3373 tecnon
877 3317 1006 3365 benedictn
1019 3322 1046 3366 tn
1062 3318 1089 3365 in
1101 3318 1247 3367 mulieribae
1264 3322 1289 3367 et
1301 3319 1443 3370 benedictae

228 3405 344 3468 jraetae
356 3405 450 3452 nentrie
462 3404 507 3461 tui,
527 3403 623 3466 qnibne
636 3401 746 3465 inenpcr
757 3413 775 3449 a
788 3400 879 3451 addit:
905 3401 976 3462 Quae
988 3418 1041 3450 cnm
1053 3402 1161 3462 erudivit,
1178 3405 1280 3453 trernnit
1291 3409 1317 3453 et
1328 3406 1439 3467 expavit.

245 3489 314 3537 aare
325 3489 431 3552 angeles
442 3488 536 3537 domini
547 3487 674 3536 adiunxit.
696 3483 700 3551 Ι
718 3503 774 3535 ecee
786 3503 855 3536 eone.
873 3487 983 3537 inntero
998 3486 1118 3549 (annom
1135 3488 1162 3535 in
1179 3491 1264 3546 utero,
1282 3488 1343 3539 vide
1361 3492 1441 3540 antea

241 3574 288 3624 ubi
308 3574 388 3623 iidem
406 3575 433 3622 in
444 3578 515 3623 atero
528 3575 635 3622 mutent
647 3573 689 3621 vei
703 3570 863 3634 omittunt):
882 3585 898 3619 n
912 3571 965 3621 add
977 3573 1008 3620 de
1019 3572 1114 3634 epirita
1125 3578 1213 3622 reiecto
1226 3575 1269 3638 qni
1287 3575 1442 3627 obumbrabit

241 3660 289 3708 tibi
302 3656 307 3723 Ι
319 3675 416 3724 regern:
427 3671 447 3706 1>
461 3657 513 3707 edd
523 3657 663 3723 neljilinm,
676 3657 740 3706 item
754 3671 770 3706 n
783 3661 809 3706 et
820 3658 952 3707 necabitur
960 3674 1047 3707 nomen
1060 3659 1115 3707 eine
1124 3660 1250 3708 Emnnnel
1263 3655 1268 3724 Ι
1283 3661 1326 3725 qni
1336 3661 1442 3724 imperet

241 3745 271 3806 (c
284 3745 400 3806 imperat,
419 3758 437 3793 n
450 3742 595 3805 imperabit)
610 3768 618 3779 ·
631 3743 658 3791 in
671 3747 744 3792 terra
756 3742 787 3804 (1)
801 3742 891 3806 terrie)
904 3744 948 3793 red
960 3748 985 3792 et
999 3743 1026 3806 (a
1039 3744 1127 3807 etiam)
1141 3746 1168 3792 in
1182 3745 1261 3794 caelia
1273 3749 1304 3796 nt
1317 3758 1386 3808 σοις
1405 3760 1440 3798 nn

237 3832 285 3895 >qai
298 3848 347 3880 non
358 3830 438 3896 enirm
451 3835 545 3878 terrani
558 3829 646 3891 impiet
657 3831 701 3878 cert
714 3829 810 3878 caelum
824 3827 828 3895 Ι
843 3844 879 3878 Aa
891 3835 984 3893 regnat
997 3827 1001 3896 Ι
1014 3830 1169 3880 ceorlorum:
1182 3843 1217 3879 cn
1231 3831 1284 3881 ndd
1297 3849 1368 3883 amen

311 3916 341 3976 X,
362 3920 385 3965 l.
413 3916 471 3964 Crini
484 3922 514 3964 nt
526 3928 576 3973 nn3
589 3915 733 3978 roremque,
746 3926 781 3964 an
794 3915 852 3963 Onrn
865 3920 947 3964 antem
961 3912 965 3980 Ι
980 3916 1005 3964 in
1017 3916 1095 3978 Capti.
1106 3917 1236 3966 maritima
1248 3916 1277 3979 (n
1289 3919 1375 3983 enam)
1385 3927 1442 3972 erat

240 4004 354 4066 inopere
367 4001 395 4065 (a
407 4002 434 4050 in
446 4016 538 4063 opera,
559 4013 578 4049 1>
591 4015 667 4063 opere
678 4005 736 4049 eret
749 4001 886 4063 tignorum)
899 4018 952 4050 oce.
966 4007 997 4051 ut
1010 4014 1077 4061 anm
1097 4016 1131 4051 nn
1150 4002 1176 4050 in
1180 4002 1348 4067 fabricandis
1360 4007 1441 4057 taber·

240 4087 341 4137 meniis
352 4089 479 4152 regionam
491 4088 676 4136 maritimarum
688 4091 746 4135 erat
758 4101 833 4149 opere
842 4101 996 4150 praeorenp.
1018 4085 1022 4152 Ι
1042 4100 1058 4136 r
1071 4093 1129 4137 erat
1140 4092 1223 4137 autern
1240 4085 1245 4154 Ι
1264 4090 1346 4154 asab.
1360 4089 1441 4157 ligna·

241 4176 296 4224 riae
309 4172 313 4240 Ι
327 4174 369 4223 nbi
380 4178 493 4223 moratae
505 4199 513 4209 ·
527 4174 699 4236 Βααενεανααε
712 4170 740 4234 (a
751 4173 812 4221 Rev.
827 4171 922 4235 aretem)
937 4179 979 4223 eto
993 4172 1021 4237 (a
1031 4174 1103 4224 Μαν.
1115 4189 1158 4238 pr.
1173 4173 1268 4237 inaen.)
1282 4180 1313 4224 nt
1324 4188 1392 4238 corn
1406 4190 1441 4228 nn
1477 4223 1479 4232 .

240 4263 304 4312 Poet
315 4277 374 4311 nero
386 4276 480 4310 meneee
490 4275 575 4309 novem
587 4276 702 4309 reeerrnr
714 4264 752 4308 ert
769 4259 796 4308 in
808 4258 873 4309 darn.
886 4275 957 4309 ruam
974 4263 1000 4310 et
1011 4261 1061 4310 ine.
1077 4261 1149 4310 Μαν.
1160 4275 1205 4323 pr.
1223 4256 1228 4325 Ι
1250 4262 1288 4310 Et
1299 4266 1367 4312 tetre
1379 4288 1388 4300 ·
1400 4281 1441 4314 ee·

241 4351 362 4400 etarnneit
374 4348 404 4414 (n
415 4348 500 4406 elain..
512 4361 528 4397 n
541 4347 594 4398 edd
607 4348 641 4397 art
653 4345 789 4408 dominnm)
803 4352 847 4398 etc
860 4350 891 4397 ut
903 4360 972 4408 anm
986 4360 1021 4398 nn
1040 4347 1110 4398 Urrde
1121 4352 1189 4398 tetur
1198 4348 1225 4397 in
1235 4353 1335 4413 angant.
1342 4352 1443 4413 poeitae

238 4438 390 4489 contremuit
402 4441 427 4486 et
438 4435 543 4486 ecclam.
558 4436 643 4485 dicere
657 4431 661 4500 Ι
676 4437 749 4486 Doni.
763 4436 824 4485 dene
837 4435 866 4500 (n
880 4434 931 4485 odd
944 4436 1022 4500 mene)
1035 4440 1067 4486 nt
1079 4450 1149 4496 nam
1164 4448 1197 4486 cn
1209 4437 1316 4486 Domine
1328 4437 1440 4507 domine!

240 4542 316 4593 qnam
328 4525 424 4575 ninere:
442 4523 551 4586 tnagis
563 4539 637 4588 qnam
650 4524 713 4583 oin,
730 4536 766 4573 nn
780 4540 854 4589 qnam
869 4523 979 4587 arnpiine
990 4524 1038 4574 ein.
1051 4519 1056 4591 Ι
1072 4537 1088 4573 a
1102 4524 1147 4573 aar·
1160 4524 1233 4573 aiant
1246 4521 1250 4590 Ι
1265 4525 1387 4589 virginee:
1405 4539 1440 4578 cn

242 4616 307 4678 eirp.
319 4612 390 4671 iliae,
403 4625 420 4661 a
433 4611 539 4676 quinque
551 4611 616 4675 virg.
632 4607 637 4676 Ι
655 4610 722 4673 Quid
735 4612 775 4661 air
787 4611 815 4674 (a
828 4610 896 4677 agie)
909 4612 974 4661 darn.
989 4612 1042 4663 Ia:
1055 4624 1090 4662 cn
1103 4627 1145 4662 orn
1160 4608 1164 4678 Ι
1180 4627 1195 4662 13
1208 4613 1262 4663 Noe
1274 4617 1341 4664 certe
1352 4615 1442 4666 erinae

241 4702 311 4767 qrrod
321 4701 361 4751 nir
374 4715 505 4763 numquam
517 4703 562 4748 tet.
576 4715 630 4748 earn
650 4693 654 4764 Ι
674 4714 719 4748 nor
731 4700 801 4748 reim.
816 4716 856 4763 qen
873 4699 901 4760 (a
915 4698 987 4764 qnia)
1001 4700 1094 4764 integr.
1108 4704 1134 4749 et
1146 4701 1211 4764 virg.
1225 4700 1252 4749 in
1264 4716 1295 4749 ea
1306 4701 1372 4752 inm.
1381 4716 1441 4764 per·

238 4791 343 4838 emat
354 4787 384 4850 (n
392 4785 535 4848 pomaria
545 4800 589 4835 eeu
596 4785 757 4847 perseverat)
770 4789 801 4834 at
814 4797 863 4844 01>3
883 4786 947 4836 itam
963 4798 998 4834 an
1010 4801 1056 4836 noe
1067 4800 1151 4835 ranae
1163 4789 1238 4836 teetee
1250 4802 1323 4850 quon.
1338 4787 1403 4852 virg.
1417 4792 1443 4839 et
