3458 5640
261 592 326 655 478
656 589 824 641 vuimars
843 590 1068 642 sinveroms.

264 739 420 806 dixerunt
440 738 632 805 Diiudicate
661 759 736 819 nos,
764 759 838 803 cum
861 736 1040 804 debeamus
1062 739 1160 821 mori,
1188 737 1267 822 quia
1289 733 1459 803 Christum

263 866 325 912 nos
352 844 569 910 iudicavimus
597 849 631 910 et
658 845 729 910 sine
754 865 855 909 causa
877 843 1020 910 traditus
1043 843 1115 909 suit.
1158 842 1254 910 Titus
1276 848 1311 908 et
1331 840 1460 925 Vespa·

263 948 376 1014 sisnus
407 947 695 1032 apprehenderunt
726 935 798 1032 eos,
828 954 863 1013 et
892 969 932 1014 ex
963 953 1058 1033 parte
1086 947 1333 1032 lapidaverunt,
1357 953 1391 1014 et
1419 968 1459 1013 ex

263 1059 359 1138 parte
390 1052 634 1136 suspenderunt
663 1055 697 1118 in
726 1054 866 1136 lignum,
897 1053 997 1137 pedes
1026 1073 1155 1119 sursum
1183 1058 1217 1119 et
1242 1057 1341 1135 caput
1366 1050 1458 1116 deor·

264 1177 350 1238 sum,
379 1161 412 1221 et
439 1156 565 1222 lanceis
593 1144 827 1241 percusserunt
855 1177 927 1239 eos;
956 1157 1038 1222 alios
1062 1162 1174 1222 autem
1196 1152 1403 1220 tradiderunt
1423 1155 1459 1220 in

263 1256 499 1343 venditionem,
528 1265 562 1324 et
583 1259 667 1324 alios
691 1259 874 1325 diviserunt
896 1261 984 1324 inter
1007 1280 1056 1343 se,
1086 1264 1119 1324 et
1147 1258 1295 1324 fecerunt
1316 1266 1460 1342 quatuor

263 1369 374 1444 partes
401 1364 487 1429 sicut
514 1369 548 1428 et
574 1364 623 1428 illi
651 1364 802 1429 fecerunt
829 1364 869 1430 de
896 1365 1100 1430 vestimentis
1127 1363 1259 1428 domini.
1302 1362 1349 1427 m
1371 1362 1458 1428 dixe-

263 1469 342 1527 runt
363 1461 594 1530 Vendiderunt
618 1463 787 1531 Christum
816 1465 957 1550 triginta
984 1465 1162 1550 argenteis,
1192 1469 1226 1530 et
1251 1484 1313 1529 nos
1341 1463 1459 1529 venda-

264 1587 336 1631 mus
364 1567 503 1651 triginta
532 1588 572 1632 ex
599 1568 681 1652 ipsis
708 1589 767 1652 pro
796 1590 862 1634 uno
892 1568 1046 1634 denario:
1078 1573 1112 1632 et
1139 1566 1187 1632 sio
1214 1565 1372 1637 fecerunt
1414 1566 1461 1632 Et

264 1691 338 1736 oum
369 1670 432 1736 hoc
462 1671 631 1756 fecissent,
662 1671 952 1757 apprehenderunt
979 1693 1091 1737 omnes
1119 1677 1225 1737 terras
1253 1669 1397 1737 Iudaeae
1428 1677 1462 1736 et
1534 1723 1542 1739 .

263 1775 457 1843 Ierusalem,

352 1881 378 1920 ¹⁸
392 1879 487 1945 Tunc
507 1880 755 1964 inquisitionem
776 1880 938 1945 miserunt
959 1878 999 1943 de
1020 1877 1104 1943 facie
1126 1877 1200 1943 sire¹
1214 1878 1306 1944 vultu
1329 1876 1460 1959 Christi,

264 1981 428 2066 quomodo
457 1987 594 2064 possent
622 1982 769 2046 invenire
799 2001 881 2046 eum.
926 1981 973 2046 Et
994 1981 1191 2045 invenerunt
1213 1981 1382 2045 mulierem
1405 2002 1461 2046 no·

264 2084 352 2148 mine
375 2081 575 2150 Veronicam
601 2082 778 2147 habentem
806 2102 889 2146 eum.
924 2080 1030 2162 ¹Tunc
1058 2080 1351 2163 apprehenderunt
1372 2080 1461 2145 Pilu-

264 2191 335 2249 tum
366 2191 400 2250 et
429 2187 593 2250 miserunt
623 2205 697 2250 eum
728 2186 762 2247 in
793 2205 958 2249 carcerem
989 2181 1241 2250 custodiendum
1270 2205 1290 2249 a
1317 2190 1462 2268 quatuor

265 2287 537 2372 quaternionibus
569 2288 712 2352 militum
744 2286 785 2352 ad
817 2288 939 2353 ostium
970 2287 1122 2352 carceris.
1174 2286 1200 2325 ¹⁹
1222 2285 1316 2351 Tunc
1347 2287 1462 2351 statim

264 2532 311 2584 sod
332 2532 434 2582 abhoc
454 2531 516 2582 indo
536 2533 595 2582 loco
618 2547 702 2596 usque
726 2532 832 2581 initium
858 2532 987 2581 sectionis
1010 2532 1051 2581 26.
1078 2532 1106 2581 in
1129 2529 1221 2581 codice
1241 2531 1345 2582 Veneto
1371 2536 1461 2581 textus

265 2621 337 2670 vsrie
356 2618 479 2668 turbstns
498 2626 540 2668 est
559 2619 722 2684 maximoque
742 2633 772 2667 oo
786 2617 857 2682 quod
876 2618 1001 2667 librerias
1021 2617 1087 2667 solis
1105 2618 1218 2681 exempli
1237 2617 1278 2666 eui
1297 2619 1460 2682 permiscuit.

264 2706 363 2756 bocum
388 2705 426 2754 El
443 2705 564 2754 dionunt
583 2700 759 2754 ‘Vendideram
782 2719 865 2768 usquo
889 2708 913 2753 es
931 2704 968 2752 sio
982 2704 1105 2767 seoesunl
1123 2718 1154 2753 es
1173 2702 1230 2753 Van
1255 2703 1351 2763 sumsi;
1376 2705 1460 2753 multo

266 2792 371 2841 brevius
384 2791 450 2840 snb
467 2792 521 2840 sic:
539 2796 564 2840 ei
582 2789 678 2840 dabani
696 2791 783 2840 iudeos
800 2790 909 2854 triplasia
922 2805 974 2852 pro
992 2804 1040 2838 uuo
1057 2788 1175 2849 denario)
1195 2818 1204 2828 -
1223 2789 1334 2838 Iudaeae
1352 2793 1377 2838 ei
1389 2789 1460 2838 Ieru-

264 2876 357 2927 salem:
376 2873 452 2926 ASas
471 2877 509 2927 El
527 2893 580 2927 curn
598 2878 660 2926 laec
677 2877 809 2935 dixissent,
827 2878 914 2926 statim
932 2876 1083 2942 apprehensi
1100 2878 1157 2926 sunl
1174 2875 1283 2940 undique
1300 2877 1325 2924 et
1342 2874 1419 2939 lipati
1437 2880 1462 2924 sl

265 2964 375 3029 undique
393 2962 517 3028 lapidali;
540 2968 565 3013 el
583 2962 632 3012 alii
649 2964 764 3029 suspensi
781 2967 839 3012 sunl
856 2963 883 3012 in
901 2962 1034 3013 arboribus
1052 2962 1146 3021 aridis,
1167 2961 1245 3026 pedes
1261 2978 1359 3011 sursum
1377 2965 1402 3011 el
1419 2978 1460 3011 aa·

263 3053 324 3115 pila
341 3051 464 3108 deorumn,
486 3053 512 3099 el
530 3050 578 3099 alii
592 3050 709 3114 percussi
726 3054 783 3100 euni
802 3049 905 3108 lanceis,
925 3055 949 3099 ei
967 3049 1017 3098 alii
1035 3050 1128 3099 rendili
1142 3065 1192 3111 pro
1210 3052 1298 3107 emis,
1316 3054 1341 3098 el
1358 3048 1407 3097 alii
1423 3048 1462 3098 cli·

263 3139 313 3187 sisi
331 3139 357 3185 in
370 3141 479 3202 quatuor
493 3142 584 3199 parles
601 3138 804 3201 quemadmodum
822 3137 872 3201 ipsi
887 3137 1029 3186 diviserant
1046 3136 1072 3183 in
1090 3139 1199 3200 quatuor
1212 3140 1303 3199 perles
1316 3134 1462 3185 Salaaioris

264 3229 353 3275 uestes.
378 3224 416 3272 Er
431 3223 541 3273 litaret
560 3222 730 3286 Vespasianus
748 3227 867 3288 ceperunt
884 3222 1017 3272 consilium
1033 3227 1063 3272 ul
1074 3222 1225 3272 Iudaeorum
1242 3221 1397 3286 reliquorum
1415 3223 1460 3271 iri·

260 3312 338 3377 pinio
356 3310 522 3359 venderentur
535 3325 586 3372 pro
604 3324 653 3357 uno
670 3310 786 3366 denario,
801 3312 942 3371 propterea
959 3308 1027 3371 quod
1045 3309 1160 3357 mnissenl
1177 3312 1289 3358 nostrum
1302 3307 1461 3357 salvatorem

265 3397 374 3459 tripinio
391 3396 505 3443 denariis
523 3412 540 3443 a
558 3395 626 3443 Iuda
644 3395 725 3456 ipsius
741 3393 876 3455 discipulo.
908 3394 946 3441 Et
960 3392 1032 3442 litus
1049 3397 1074 3441 sl
1092 3393 1261 3456 Vespasianus
1278 3397 1462 3457 occupauerunt

265 3497 348 3531 omnes
366 3487 450 3530 terras
468 3482 589 3529 Iudaeae.

354 3566 394 3614 18.
430 3566 498 3613 lieno
516 3595 525 3604 -
541 3565 617 3628 sanie
640 3565 691 3613 siae
715 3545 852 3623 (hericoni
872 3564 979 3622 Ambl·
999 3565 1118 3626 quonsodo
1137 3578 1220 3626 usquo
1239 3578 1292 3611 sum
1311 3562 1363 3623 (its
1381 3563 1460 3622 amb,

268 3651 325 3700 Van
344 3650 386 3698 ubi
404 3666 457 3697 eum
479 3650 592 3697 inseruire
611 3649 764 3709 potuissent)
782 3672 792 3682 ·
811 3650 936 3696 carceris:
960 3648 1035 3697 ASss
1060 3649 1097 3697 ici
1119 3647 1256 3710 elilipenler
1279 3648 1461 3711 inquisiverunt

264 3752 299 3784 an
316 3736 392 3798 forle
414 3735 449 3782 ili
472 3740 536 3783 esset
559 3733 654 3796 aliquis
673 3733 715 3797 qui
736 3732 840 3781 liaberet
857 3733 1025 3782 miraculosae
1042 3733 1165 3797 reliquias
1184 3732 1330 3781 Salinatoris
1346 3733 1377 3780 de
1393 3735 1461 3781 aesle

266 3827 320 3871 eius
343 3822 383 3869 ael
402 3820 470 3868 alias
487 3836 529 3867 res
544 3821 687 3881 pretiosam
711 3823 736 3881 el
755 3824 806 3867 lam
824 3819 962 3881 dilipenter
980 3821 1155 3883 quaesiverunt
1171 3823 1200 3868 ul
1216 3819 1356 3867 invenirent
1373 3817 1458 3867 mulie·

266 3925 320 3959 rem
343 3908 440 3955 nomine
463 3904 619 3963 Veranioom,
641 3911 666 3955 el
684 3906 745 3952 laec
762 3908 820 3953 erat
836 3903 927 3964 fidelis
946 3904 1104 3962 Christiana,
1127 3904 1222 3954 dilacio
1244 3908 1269 3954 et
1284 3905 1411 3953 honorata
1429 3904 1460 3952 ab

264 3997 333 4044 onsnu'
348 3991 453 4052 populo.
490 3992 561 4039 Erat
579 3991 664 4038 eadem
682 3989 806 4039 Veranioa
825 4007 888 4054 quas
906 3991 991 4052 letipil
1004 3990 1150 4039 Sulaaioris
1167 3995 1256 4037 vestem
1274 4006 1350 4053 eoque
1367 3995 1460 4038 saneta

265 4082 303 4127 sel
320 4095 338 4124 a
348 4078 425 4140 jluau
443 4079 583 4138 sanguinis.
622 4076 665 4123 Ila
683 4075 791 4125 balabat
803 4076 962 4136 particulam
975 4077 1005 4124 de
1022 4083 1088 4125 cesis
1100 4075 1247 4124 Saloatoris
1262 4079 1286 4122 el
1300 4089 1392 4122 summo
1405 4073 1459 4123 loeo

260 4161 385 4227 ponebat,
403 4166 427 4208 el
446 4160 596 4209 aestimabat
615 4162 688 4223 quasi
705 4165 769 4208 essel
786 4162 843 4221 ipsa
864 4160 958 4207 Olarisli
972 4161 1068 4223 scoies.
1099 4161 1137 4208 Ill
1157 4160 1229 4208 ttius
1246 4165 1270 4207 el
1291 4158 1461 4221 Vespasianus

264 4250 386 4296 miserunt
403 4246 438 4293 ael
456 4262 519 4303 soen,
538 4247 636 4308 etipsa
654 4248 748 4294 mansit
766 4263 819 4293 cum
837 4247 873 4293 eis
891 4245 991 4308 aliquot
1008 4246 1071 4302 elien,
1089 4246 1235 4308 usquedum
1252 4242 1404 4293 Volusianus
1417 4246 1458 4292 im·

260 4334 394 4396 peraloris
412 4336 533 4393 oopnalus
551 4332 678 4380 omiebal:
696 4337 771 4394 alque
789 4333 816 4379 in
834 4331 881 4379 illo
901 4330 1037 4378 interuallo
1050 4332 1166 4391 overepali
1178 4333 1252 4378 eranl
1263 4337 1290 4380 ul
1304 4330 1459 4392 eosnprelen·

263 4418 352 4466 elereal
364 4415 486 4473 Pilatum,
504 4419 529 4463 el
541 4416 668 4466 auserunt
685 4432 738 4464 eum
757 4417 783 4463 in
802 4431 879 4463 cauea
890 4416 989 4478 ferrea
1003 4416 1029 4463 in
1046 4415 1130 4464 urbem
1143 4416 1304 4472 Damascum,
1322 4415 1404 4477 ibique
1422 4414 1459 4462 in·

264 4502 393 4551 cluserunt
416 4517 469 4549 eum
491 4518 543 4549 una
565 4518 619 4550 aum
642 4517 719 4550 cavea
743 4503 769 4549 in
792 4516 894 4549 carcere
917 4501 1025 4557 munito,
1048 4505 1072 4550 el
1090 4500 1277 4550 collocaverunt
1294 4501 1409 4550 oumoeles
1426 4499 1460 4548 ael

259 4587 483 4650 portensiones
502 4588 673 4652 quadr-opinio
692 4592 808 4651 quatuor.
1300 4573 1301 4576 Ἴ

351 4674 390 4723 19.
422 4673 490 4722 iuno
507 4675 593 4724 statim
611 4699 621 4710 -
639 4674 673 4723 ad
691 4689 732 4722 se.-
760 4672 835 4723 ASax
856 4676 896 4721 Aa
914 4679 966 4724 lum
984 4675 1104 4724 miserunt
1122 4674 1223 4724 nuutios
1241 4673 1344 4723 &eumn
1362 4673 1397 4720 aa
1415 4674 1458 4721 im·
