3458 5640
208 228 249 290 54
437 227 771 280 resono-mamurii
788 229 1027 282 staremus.
1056 229 1128 282 CAP.
1148 230 1169 280 1.

720 443 840 513 Ceron
860 445 889 511 1.

295 584 305 619 ¹
325 582 367 648 In
385 582 508 649 diebus
525 582 597 648 illis
614 589 690 650 orat
704 584 756 649 vir
771 583 807 648 in
822 583 1017 650 Ierusalem
1032 587 1170 652 nomine
1186 584 1342 652 Ioachim
1359 606 1401 651 ex

208 686 303 752 tribu
318 685 418 753 Iuda.
448 686 495 752 Et
510 685 567 752 hic
583 692 659 753 erat
672 694 793 773 pastor
809 689 922 756 orium
938 709 1086 771 suarum,
1102 689 1228 755 timens
1245 689 1347 755 deum
1363 689 1400 754 in

209 789 433 875 simplicitate
456 796 491 857 et
512 793 548 857 in
564 791 721 860 bonitate
740 815 812 860 sua.
845 791 911 860 Oui
928 814 1011 860 cura
1032 794 1129 884 nulla
1151 801 1226 862 erat
1246 794 1316 861 alia
1331 794 1400 859 nisi

209 918 351 982 gregum
377 919 533 981 suorum,
566 899 608 965 de
637 921 783 985 quorum
807 899 923 966 fructu
954 900 1072 967 alebat
1095 920 1213 966 omnes
1236 901 1400 966 timentes

209 999 322 1082 deum,
339 1000 496 1084 duplicia
512 1002 662 1068 offerens
673 1024 817 1068 munera
833 1005 869 1067 in
885 1004 1009 1069 timore
1021 1002 1078 1067 dei
1094 1000 1402 1067 etdootrinalabo-

208 1103 385 1185 rantibus,
408 1110 444 1169 et
460 1104 634 1188 simplicia
649 1104 798 1172 offerens
814 1106 868 1171 his
886 1106 945 1189 qui
962 1104 1208 1171 ministrabant
1222 1104 1283 1170 eis.
1305 1103 1400 1188 Ergo

209 1206 278 1270 sire
295 1207 332 1270 in
348 1207 448 1290 agnis
466 1207 537 1273 sive
554 1208 590 1272 in
608 1207 729 1273 ovibus
746 1209 816 1274 siva
833 1209 868 1273 in
880 1208 970 1273 lanis
987 1208 1057 1273 sivo
1074 1209 1110 1272 in
1128 1207 1287 1273 omnibus
1297 1197 1401 1274 rebus

209 1309 281 1374 suis
310 1331 546 1394 quascumque
572 1311 752 1394 possidere
776 1311 960 1378 videbatur
989 1318 1059 1376 tres
1088 1316 1205 1393 partes
1236 1308 1401 1377 faciebat:

208 1432 313 1477 unam
327 1418 462 1496 partem
479 1412 584 1478 dabat
599 1413 723 1496 viduis,
741 1413 920 1497 orphanis,
943 1414 1138 1498 peregrinis
1155 1419 1259 1496 atque
1275 1434 1403 1499 paupe-

208 1513 322 1597 ribus;
343 1515 488 1582 alteram
503 1537 582 1582 vero
601 1523 736 1601 partem
753 1517 949 1583 colentibus
971 1516 1088 1598 deum3
1111 1516 1249 1582 tertiam
1269 1523 1403 1601 partem

212 1657 425 1669 ——...-.

205 1725 258 1788 piis
269 1725 393 1784 isodorus,
405 1742 471 1780 nuno
482 1726 629 1790 quibusdam
640 1727 799 1776 armicolis
811 1727 845 1775 ad
857 1728 960 1775 eandem
971 1728 1038 1775 ciam
1047 1742 1188 1784 semirasus,
1200 1728 1238 1775 sir
1246 1727 1404 1775 sanationis

208 1808 300 1873 stylum
311 1810 411 1861 tentabo
424 1810 618 1874 (temperabat),
637 1816 662 1860 st
672 1827 722 1859 nors
738 1811 794 1859 alia
806 1812 889 1858 ainans
901 1827 974 1873 priam
987 1826 1050 1873 quas
1068 1815 1113 1858 aut
1126 1811 1223 1873 scripta
1235 1815 1293 1858 sunt
1309 1811 1344 1858 ibi
1360 1815 1405 1858 out

208 1897 385 1958 competenter
395 1894 473 1944 scribi
480 1899 627 1958 potuerunt.

277 1978 376 2028 Rursus
389 1992 424 2029 cn
437 1981 497 2030 loco
510 1982 623 2046 prologi,
637 1980 855 2046 quomadmodum
870 1981 897 2029 in
911 1993 945 2029 aa
958 1981 1020 2028 lton
1034 1985 1085 2038 ost,
1100 1981 1164 2030 hssc
1177 1979 1292 2030 hubenc:

208 2063 266 2127 Epo
282 2064 391 2114 Iacobus
399 2065 478 2132 fliius
493 2066 595 2131 Iosepli
612 2067 663 2130 (its
680 2081 714 2126 υς
740 2079 755 2116 c
773 2067 875 2131 Iosepb)
894 2067 1086 2115 conversamini
1104 2066 1193 2114 timore
1209 2066 1251 2114 dei
1262 2066 1405 2130 perscripsi

208 2151 291 2201 amnia
303 2166 367 2215 puae
378 2151 460 2202 oculis
470 2154 531 2202 meis
548 2154 600 2218 ipse
612 2154 666 2203 uidi
676 2153 736 2214 tisri
753 2154 778 2203 in
795 2158 905 2217 terrrpors
916 2152 1062 2202 natiuitatis
1074 2149 1104 2212 (ι)
1118 2150 1171 2213 om)
1184 2155 1289 2201 sanctas
1300 2151 1405 2202 Mariae

206 2236 315 2302 sirpiais
333 2237 360 2302 (o
378 2239 432 2300 om)
451 2240 503 2289 sine
518 2240 613 2291 domini
630 2239 658 2303 (c
676 2244 730 2300 om)
753 2240 904 2290 salvatoris:
922 2241 1025 2304 pratias
1041 2254 1119 2303 opens
1135 2238 1181 2289 dea
1198 2238 1242 2303 qui
1256 2238 1317 2287 mibi
1334 2238 1404 2288 dedit

207 2325 359 2388 sapientiam
369 2326 397 2374 iu
408 2327 523 2376 intortis
535 2328 657 2377 aduentus
668 2329 717 2386 sai,
730 2329 861 2377 ostendens
867 2325 1050 2391 plenitudinem
1058 2325 1188 2375 duodecino
1198 2325 1311 2375 tribubus
1319 2325 1405 2375 lsrael

209 2409 240 2469 (a
253 2411 370 2470 tribuum,
383 2413 480 2461 omisso
493 2412 557 2475 Irr.)

189 2495 191 2498 ’
277 2493 299 2544 1.
326 2494 358 2545 ln
370 2508 388 2544 ι
403 2498 520 2561 epistula
537 2499 720 2563 episcoporum
734 2502 811 2562 capnt
819 2498 942 2561 primum,
960 2497 1097 2561 responsio
1111 2496 1266 2560 Hieronymi
1279 2501 1356 2560 caput
1367 2511 1404 2546 se·

208 2580 315 2630 murima
327 2580 439 2641 dieitur,
458 2584 497 2632 ita
515 2587 547 2633 nt
565 2585 615 2633 iarn
629 2590 756 2648 soqustur
769 2587 846 2648 rapat
856 2583 965 2632 tertium.
990 2583 1011 2630 Δ
1025 2597 1076 2646 (μισ
1094 2581 1188 2632 ordino
1205 2583 1234 2631 in
1247 2581 1351 2631 edendo
1364 2598 1403 2631 re·

210 2664 358 2717 cedendum
372 2667 520 2719 videbatur.

246 2755 268 2803 1.
295 2753 328 2803 Ia
345 2753 409 2804 (liet.
430 2754 486 2805 illis
505 2760 563 2806 erat
579 2757 632 2805 cir:
658 2757 697 2806 its
719 2769 786 2816 aaa,
801 2769 836 2805 cn
855 2756 926 2805 Erat
941 2757 982 2804 nir
1001 2752 1005 2820 Ι
1025 2756 1052 2804 in
1070 2754 1210 2804 Ierusalem
1230 2768 1288 2804 cum
1309 2752 1403 2814 inoff,

210 2839 368 2890 010⁰“bion
380 2840 502 2890 inlarasl
515 2838 521 2915 Ι
534 2841 660 2891 Ioactim:
673 2858 690 2890 s
701 2843 799 2906 passim
812 2842 949 2900 laiseinim,
962 2842 1095 2907 Iobaebpm
1109 2840 1113 2907 Ι
1127 2857 1158 2890 en·
1171 2857 1229 2890 oum
1241 2853 1313 2890 acon
1324 2841 1404 2900 Moru

211 2937 228 2974 Δ
242 2925 273 2975 ds
286 2922 291 2992 Ι
305 2930 331 2976 st
341 2927 382 2976 bio
394 2942 452 2976 cnm
466 2939 519 2978 ona
532 2928 604 2988 Mon,
618 2941 653 2977 aa
666 2945 707 2978 om
720 2933 745 2978 et
758 2927 762 2993 Ι
776 2941 793 2977 1³
806 2944 847 2978 om
861 2945 963 2978 sisarum
976 2926 980 2994 Ι
994 2929 1065 2978 (lenm
1078 2944 1136 2978 curn
1150 2939 1218 2987 com
1237 2939 1273 2976 aa
1286 2928 1350 2977 Mon
1362 2928 1405 2977 ‹lo-

210 3013 302 3061 minum
320 3009 325 3078 Ι
343 3017 368 3062 et
381 3015 406 3063 irs
419 3012 465 3077 (aa
479 3012 532 3077 om)
546 3015 740 3064 bartimaeum
753 3027 826 3064 saco
839 3015 917 3063 Mon:
937 3028 1007 3063 rom
1022 3011 1026 3078 Ι
1039 3015 1103 3063 nbi.-
1119 3025 1136 3060 n
1150 3029 1223 3077 mam
1241 3011 1245 3078 Ι
1263 3029 1364 3062 suornm
1377 3013 1405 3076 (s

211 3096 266 3159 orn)
281 3104 309 3149 at
321 3115 425 3163 purorum
438 3116 496 3150 cnm
510 3100 607 3163 ποθῇς)
621 3102 700 3161 lrlon;
720 3114 852 3150 assarum
864 3108 893 3150 et
905 3116 1010 3164 quorsum
1026 3095 1030 3164 Ι
1053 3112 1068 3148 Δ
1074 3098 1207 3164 fructibus
1226 3095 1230 3162 Ι
1248 3099 1335 3147 alebat
1347 3113 1404 3146 cunr

212 3196 265 3232 aaa
274 3184 353 3245 Mon3
367 3197 382 3234 ο
391 3186 522 3249 pascebat,
535 3201 553 3236 1>
559 3187 682 3250 pascebat
693 3186 733 3235 ssl
745 3186 830 3236 alebat
843 3184 847 3251 1
861 3198 878 3233 a
888 3201 1104 3249 ornaespaupsres
1112 3189 1137 3234 et
1146 3185 1259 3233 timentes
1272 3183 1276 3248 Ι
1290 3184 1405 3248 duplicia

211 3293 221 3306 ·
234 3269 270 3319 sis
282 3284 341 3319 onns
350 3283 380 3319 a:
394 3283 411 3319 Δ
424 3274 449 3320 et
460 3270 575 3335 duplicia
587 3272 695 3339 offerens
705 3273 732 3320 ia
741 3273 830 3321 timore
838 3272 880 3320 tei
888 3287 992 3320 rausero
1004 3271 1031 3319 ia
1040 3269 1158 3319 doctrina
1170 3268 1345 3318 laborantibus
1356 3270 1406 3317 biis

211 3355 256 3419 pai
269 3356 450 3407 ministrabant
460 3358 484 3407 si
489 3377 498 3414 ,·
515 3370 531 3405 a
548 3359 610 3406 baec
625 3374 729 3407 nrunera
747 3358 854 3424 offerens
870 3357 1032 3422 simpliciter,⁴
1050 3356 1143 3406 ebion
1160 3354 1255 3420 sinplio.
1268 3357 1406 3421 profereus

212 3442 288 3502 (bion
301 3443 419 3510 offerens)
431 3459 536 3493 munera
551 3446 578 3493 ia
590 3445 678 3498 timore
690 3444 732 3492 dei
743 3443 882 3507 epentibus,
899 3445 926 3491 in
943 3442 1019 3506 (Mon
1033 3442 1069 3504 et)
1086 3442 1205 3491 doctrina
1221 3441 1404 3499 laborantibus,

210 3541 230 3577 1>
246 3532 272 3579 st
283 3523 356 3594 sapt
371 3531 479 3598 offerens
489 3547 592 3579 munera
603 3531 653 3579 biis
670 3532 713 3594 put
728 3531 908 3579 ministrabant
923 3530 947 3578 ei
963 3531 989 3578 ia
1006 3530 1095 3578 tinsm
1110 3528 1205 3577 <lomim
1220 3528 1361 3592 apsntibus,
1378 3529 1404 3576 in
1457 3553 1463 3567 ·

210 3614 330 3664 doctrina
345 3615 433 3664 divina
451 3616 626 3668 laborantibus
643 3616 646 3680 Ι
666 3616 739 3679 Erpa
758 3616 786 3679 (o
805 3615 859 3678 om)
878 3642 887 3651 ·
906 3616 958 3664 sios
973 3617 1001 3663 ia
1016 3615 1079 3664 ooib.
1099 3612 1176 3675 (haec
1196 3628 1237 3662 om
1256 3612 1284 3675 e)
1304 3639 1313 3650 ·
1331 3629 1404 3677 qnas-

211 3715 290 3764 ΝΜ.
310 3699 338 3763 (ο
350 3701 506 3765 quarm.)
526 3728 534 3738 ·
552 3702 643 3758 nidum,
655 3702 777 3764 orphanis
789 3700 819 3764 (a
832 3702 904 3764 orpb.
917 3701 968 3749 oid.
980 3699 1017 3757 et)
1037 3727 1045 3737 -
1064 3715 1122 3747 vero
1142 3698 1170 3760 (ο
1183 3698 1237 3761 om)
1255 3703 1355 3761 partem
1374 3699 1404 3758 (a

211 3799 269 3844 om,
288 3798 305 3834 a
318 3786 371 3835 add
383 3788 474 3845 dabat)
487 3787 624 3837 oohntibus
637 3786 667 3849 (n
681 3802 769 3850 praem
782 3787 809 3835 in
822 3786 913 3848 tempto
926 3786 1020 3834 domim
1033 3784 1196 3834 seroimibsu
1207 3783 1243 3844 et)
1256 3783 1328 3831 deum
1343 3808 1351 3818 ·
1366 3800 1404 3831 re·

210 3870 331 3920 seruabat
339 3886 398 3921 cum
409 3884 477 3920 ton:
491 3885 507 3919 Β
518 3872 583 3920 Nam
593 3887 686 3920 omnem
696 3870 861 3920 substantiam
871 3886 940 3918 susam
953 3870 1058 3932 trifarie
1066 3867 1208 3916 dividebat:
1220 3883 1295 3915 unam
1304 3871 1405 3930 partem

211 3955 304 4020 templa
321 3961 347 4005 st
362 3957 449 4020 templi
465 3957 823 4020 sacerdotibusimpertiebat,
841 3954 921 4004 aliam
936 3959 1036 4018 partem
1052 3953 1196 4018 perspriais
1212 3957 1237 4002 st
1250 3952 1407 4016 pauperibus

211 4042 346 4105 crepabat,
363 4044 466 4093 tertiam
477 4044 525 4093 sibi
542 4049 568 4093 et
571 4042 695 4108 familiae
706 4058 767 4091 suas
778 4044 835 4091 assui
846 4043 1001 4091 reservabat.
1025 4041 1070 4089 Ita
1081 4039 1180 4089 donnino
1197 4038 1279 4087 iustus
1294 4043 1320 4087 et
1329 4038 1405 4087 tonsi·

210 4128 284 4177 nibus
291 4128 353 4193 pius
363 4129 503 4180 citabatur.
526 4128 594 4181 Item
607 4132 687 4181 seire
703 4131 729 4180 in
741 4132 814 4196 aprum
825 4132 877 4180 sius
893 4131 918 4178 ia
931 4129 1002 4178 iestis
1013 4128 1065 4178 sios
1077 4129 1101 4176 in
1115 4126 1183 4177 lanis
1194 4127 1246 4177 sire
1257 4125 1284 4175 in
1296 4125 1407 4175 cornibus

210 4215 285 4265 rebus
301 4217 368 4276 suis,
385 4218 417 4267 ste
433 4218 544 4268 omnibus
561 4222 614 4268 tres
629 4222 718 4283 partes
725 4217 857 4283 jaciebat,
875 4233 950 4267 unam
959 4219 1059 4281 partem
1072 4216 1137 4264 dans
1148 4213 1231 4263 uiduis
1247 4218 1273 4263 et
1286 4213 1408 4277 orphanis

210 4307 237 4352 et
244 4303 389 4367 perspriais
400 4308 477 4369 atpus
484 4306 649 4372 pauperibus,
662 4306 771 4356 atteram
780 4309 881 4370 partem
890 4304 960 4354 deum
974 4301 1119 4359 colantibus,
1132 4301 1236 4351 terciam
1246 4304 1347 4365 partem
1359 4298 1408 4348 sibi

210 4392 236 4439 et
247 4389 314 4439 omni
325 4391 410 4442 domui
421 4406 489 4441 suae.
