3458 5640
766 593 1038 646 PROIAEGOMENA.
1406 610 1505 661 xuvn

305 747 463 815 miracula
489 747 633 814 triennio
661 751 739 830 post
764 745 967 829 baptismum
996 744 1086 811 edita
1112 752 1145 812 et
1167 746 1404 813 humanitatem
1426 767 1504 814 vero

306 860 444 946 triginta
471 861 566 927 annis
593 865 670 926 ante
699 858 899 944 baptismum
928 858 1107 924 transactis
1138 859 1328 926 hominibus
1360 880 1505 944 compro·

305 975 399 1041 basse
411 975 447 1057 ¹).
491 974 748 1058 Chrysostomus
775 994 852 1038 vero
885 979 918 1039 et
947 973 1003 1055 qui
1035 992 1110 1038 eum
1142 980 1275 1039 secutus
1303 980 1354 1040 est
1376 975 1505 1061 Euthy-

306 1087 390 1152 mius
413 1086 604 1172 Zigabenus
628 1087 749 1152 diserte
772 1085 970 1167 concedunt,
998 1085 1164 1151 miraculis
1188 1086 1361 1167 eiusmodi,
1389 1087 1505 1171 siqua

304 1219 387 1281 puer
414 1219 531 1262 revera
557 1196 726 1280 edidisset,
758 1195 981 1279 comprobari,
1012 1217 1071 1278 per
1102 1197 1245 1278 speciem
1276 1203 1407 1262 tantum
1437 1219 1504 1264 non

305 1330 382 1373 sero
412 1329 486 1372 eum
514 1327 652 1388 corpore
681 1307 846 1372 exstitisse
873 1312 972 1388 atqrm
995 1307 1100 1388 egisse
1112 1306 1146 1388 ¹).
1192 1306 1285 1391 Quae
1309 1305 1504 1390 Glirysosto

306 1441 378 1484 mus
400 1440 468 1483 non
491 1417 638 1483 dicturus
662 1424 735 1483 erat
755 1417 816 1482 nisi
840 1415 971 1482 fabulas
993 1417 1132 1482 Docetis
1160 1424 1309 1500 receptas
1332 1417 1372 1483 de
1393 1420 1503 1502 pueri·

305 1531 392 1596 libus
413 1531 493 1597 Iesu
521 1529 688 1595 miraculis
716 1528 798 1595 bene
827 1534 921 1595 notas
944 1528 1122 1594 habuisset.
1166 1528 1285 1612 Neque
1308 1550 1384 1596 vero
1406 1528 1503 1596 modo

306 1643 340 1709 id
362 1643 450 1729 quod
474 1643 570 1710 Iesus
598 1642 705 1709 adhuc
732 1663 792 1727 per
813 1641 974 1708 miracula
996 1641 1137 1707 edidisse
1160 1641 1194 1706 in
1223 1641 1391 1727 evangelio
1413 1639 1502 1709 Tho·

306 1778 378 1824 mao
404 1763 562 1824 narratur
590 1757 632 1823 ad
655 1756 904 1822 sustentandum
928 1755 1145 1822 docetismum
1173 1754 1326 1820 idoneum
1355 1760 1417 1839 eet,
1446 1753 1502 1821 sed

307 1871 406 1935 etiam
437 1871 522 1936 mira
547 1868 771 1954 prodigiorum
799 1875 932 1951 natura,
963 1889 1048 1951 quae
1075 1872 1239 1951 spectrum
1265 1868 1376 1951 potius
1404 1889 1503 1951 quam

307 1980 472 2047 hominem
502 1981 621 2066 prodit
665 1981 743 2046 Huc
774 1979 935 2046 accedunt
966 1980 1063 2062 plura
1093 1980 1223 2062 singula
1253 2001 1339 2062 quae
1370 1980 1504 2049 Gnosti-

307 2113 380 2157 cum
407 2092 594 2176 etquidem
622 2092 787 2158 Docctam
814 2096 982 2157 auctorem
1011 2090 1161 2156 suadent.
1203 2090 1260 2157 Ita
1282 2111 1400 2176 graece
1422 2089 1452 2155 B
1475 2090 1502 2182 Ι.

316 2209 378 2268 Ιιισ.
415 2206 478 2288 Χρ.
515 2202 819 2289 ἆμαστρεῲὁμεμοσ
856 2209 1065 2286 σωματικῶσ
1103 2204 1140 2286 ἐμ
1178 2201 1283 2266 ωόλει
1322 2204 1501 2287 Ναζαρέτε

305 2316 335 2383 Β
362 2315 423 2384 IV.
456 2315 567 2398 Πόθεμ
600 2314 641 2378 τὸ
673 2317 809 2398 munidop
841 2311 946 2378 τοῦτό
979 2316 1071 2398 ἑστιμ
1105 2313 1153 2395 (A
1180 2314 1361 2400 ἑγεμμίιθιι)
1395 2304 1503 2379 ὄωωσ

306 2427 357 2508 (A
389 2427 456 2511 ὅτι)
496 2422 570 2512 ωᾶμ
608 2421 694 2512 pcipe
731 2426 749 2490 ὂ
786 2430 884 2512 λέγει
923 2433 1026 2512 ἕργομ
1063 2429 1193 2510 γίμεται
1231 2430 1365 2510 ἓτοιμομ
1404 2427 1501 2507 (item

304 2540 338 2605 A
359 2538 424 2622 IV,
448 2544 475 2604 l.
519 2539 553 2603 A
576 2538 622 2621 V,
651 2541 713 2622 2.):
756 2537 875 2619 BVI,
903 2542 932 2602 2.
977 2536 1112 2626 ’Υμεῖσ
1150 2537 1171 2600 αἳ
1210 2539 1324 2602 οἴδατε
1360 2540 1500 2623 λέγετε,

305 2655 380 2738 ἐγὼ
409 2652 446 2714 δὲ
474 2654 593 2714 ωλείω
622 2652 716 2734 ὑμῶμ
741 2652 943 2733 ἑωῐσταμαι·
989 2647 1059 2733 ωρὸ
1081 2647 1147 2733 γὰρ
1171 2656 1244 2732 τὼμ
1268 2647 1405 2735 αῑώμωμ
1430 2651 1500 2734 εἶμί.
1573 2724 1577 2732 ⁸

305 2769 353 2826 καὶ
383 2765 456 2827 οῖδα
483 2762 577 2828 ωότε
607 2761 840 2847 ἑγεμμιῖθιισαμ
871 2765 902 2825 οἷ
927 2763 1088 2845 ατατέρεσ
1109 2767 1183 2845 τῶμ
1206 2763 1374 2846 ωατέραομ
1397 2759 1500 2845 ῡμῶμ,

304 2881 352 2940 καὶ
385 2880 571 2959 ἑωίσταμαι
603 2874 703 2940 αιόσα
732 2881 793 2940 ἕτιι
825 2869 891 2937 mio
923 2868 1020 2954 ζωιῖσ
1051 2872 1162 2960 ῡμῶμτ
1194 2872 1314 2957 BVI,
1343 2876 1370 2938 3.
1416 2870 1500 2938 ἆλιι-

305 2992 380 3055 doto
417 2991 491 3054 οἶδα
528 2988 621 3054 ωότε
648 2989 792 3055 {artata
832 2986 849 3052 ὁ
886 2986 1030 3072 κόσμοσε
1067 2987 1101 3052 Α
1126 2986 1212 3070 VII,
1244 2989 1273 3052 2.
1316 2981 1421 3050 τοῦτο
1459 2984 1500 3051 τὸ

303 3104 397 3167 mord.
434 3100 592 3188 pupcpdo
624 3101 681 3166 odi<
713 3109 804 3178 ἔστι,
842 3095 947 3165 τοῦτο
981 3099 1115 3185 δύμαται
1152 3104 1202 3163 καὶ
1233 3094 1302 3184 ωὓρ
1341 3099 1499 3181 δαμάσαι·

303 3214 395 3300 τάχα
426 3210 531 3278 τοῦτο
563 3213 633 3298 arpo
664 3208 731 3277 τιῖσ
762 3216 988 3296 κοσμοωοιίασ
1026 3214 1118 3296 ἑστῑμ
1156 3215 1429 3297 γεγεμμιιμέμομε
1465 3211 1499 3277 A

302 3326 389 3408 VII,
413 3328 441 3389 4.
472 3324 579 3390 οὖτοσ
602 3330 634 3389 τί
655 3349 751 3389 ωοτε
773 3329 863 3410 μέγα
887 3327 989 3409 ἑστίμ,
1015 3322 1033 3386 d
1058 3323 1150 3400 θεόσ,
1175 3324 1194 3386 ir
1219 3325 1382 3409 ὅγγελοσ
1406 3325 1499 3404 (item

303 3436 427 3519 XVII,
451 3439 513 3519 2.):
543 3438 577 3501 A
600 3435 746 3518 XVIII,
770 3438 798 3501 2.
835 3431 939 3500 τοῦτο
971 3435 1012 3498 τὸ
1044 3438 1180 3520 ωαιδίομ
1213 3434 1363 3520 αὖράμιόμ
1382 3430 1498 3521 ’ἑστιμ.

304 3547 400 3633 Quae
432 3547 582 3631 exempla
612 3547 709 3613 facile
746 3547 860 3631 augeri
891 3552 1030 3629 possunt
1061 3547 1173 3611 multis
1211 3546 1284 3611 aliis
1319 3547 1499 3612 latinorum

302 3664 454 3726 textuum
476 3663 672 3742 nostrorum,
694 3659 751 3725 scd
772 3660 838 3724 iam
859 3659 940 3723 satis
961 3662 1038 3723 sunt
1054 3658 1317 3741 adprobandum
1333 3663 1499 3725 auctorem

301 3771 501 3841 Gnosticum
534 3778 673 3854 eumque
704 3771 876 3836 Docetam.
929 3769 1085 3852 Denique
1117 3792 1193 3835 vero
1230 3770 1295 3835 huc
1331 3771 1499 3853 pertinent

302 3905 387 3966 quae
419 3889 453 3949 ct
485 3905 602 3968 graece
634 3889 667 3949 et
696 3883 799 3949 latine
828 3883 868 3947 de
900 3882 1080 3965 allegorica
1109 3881 1297 3946 litterarum
1328 3882 1498 3965 alphabeti

301 3999 466 4077 potestate
490 4016 510 4059 a
532 3993 611 4059 Iesu
632 4015 734 4078 puero
758 4015 868 4059 coram
890 3992 1050 4076 magistro
1074 3992 1301 4074 proferuntur,
1324 3998 1498 4076 tantopere

386 4174 410 4237 ¹)
430 4175 471 4225 Cf.
486 4176 590 4226 Ilouthz
610 4175 812 4240 Baliarum-1,
827 4175 884 4224 115.
904 4174 1000 4236 (Oxon.
1015 4176 1093 4238 1814)
1112 4176 1156 4224 ubi
1177 4190 1207 4224 ox
1221 4177 1314 4224 dnoet.
1328 4174 1384 4224 Sin.
1394 4174 1496 4239 llodog.
1521 4153 1525 4161 ’

299 4275 358 4326 cap.
371 4260 446 4311 xm.
465 4260 532 4310 haee
550 4261 710 4310 afferuntur:
732 4252 790 4309 τὰσ
809 4252 860 4307 δύο
881 4255 973 4308 αὑτοῦ
992 4255 1098 4307 οὐσίασ
1117 4255 1313 4307 ἐωιστώσατο
1335 4255 1415 4326 ἡμῖμ·
1439 4251 1495 4326 rip

300 4341 353 4412 μὲμ
380 4337 514 4394 θεότιιτα
538 4339 632 4393 αὐτοῦ
653 4338 697 4394 διὰ
715 4341 779 4412 reip
799 4341 933 4412 σιιμείωμ
953 4341 985 4412 ἐμ
1004 4340 1040 4410 τῇ
1060 4340 1167 4409 τριετὶᾳ
1186 4339 1223 4409 τῇ
1244 4338 1318 4411 μετὰ
1337 4338 1372 4392 τὸ
1392 4337 1496 4392 Βὰωτι-

299 4445 372 4500 σμα,
397 4424 454 4498 reip
477 4427 509 4480 δὲ
534 4422 763 4499 ᾶμθρωωότιιτα
786 4425 878 4481 αὐτοῦ
901 4427 934 4498 ἐμ
956 4431 1021 4479 τοῖσ
1038 4423 1194 4496 τριάκομτα
1212 4424 1333 4499 χρόμοισ
1352 4432 1417 4479 τοῖσ
1434 4423 1495 4496 ωρὸ

298 4515 352 4569 τοῦ
372 4514 593 4585 Βαωτὶσματοσ.

384 4603 408 4669 ²)
428 4605 470 4655 Cf.
495 4606 620 4671 Euthpm.
642 4606 698 4672 Ζῆς.
720 4606 754 4656 ad
773 4605 830 4655 Iob.
848 4609 877 4664 2,
899 4608 939 4657 11.
962 4609 989 4656 et
1008 4604 1147 4671 chrysost.
1170 4606 1261 4657 homil.
1280 4606 1349 4656 XXI.
1368 4605 1445 4670 (xx.)
1467 4613 1495 4657 et

298 4691 396 4742 xxm.
413 4690 522 4754 (XXII.)
541 4691 575 4740 ad
594 4691 707 4742 eundem
725 4692 820 4742 locum.
