3458 5640
259 556 323 618 430
616 554 745 606 avana.
764 553 942 606 urcouuur
966 553 1053 605 raas
1071 553 1109 604 11.

262 725 350 788 mus,
381 704 565 770 resalutans
586 701 696 768 Adam
724 700 911 784 benigniter
937 701 1049 767 aiebat
1076 700 1139 766 illi:
1168 699 1241 767 Pax
1262 701 1325 766 tibi
1346 700 1457 767 Adam

264 830 337 876 cum
365 808 444 876 filiis
471 809 537 875 tuis
564 829 624 893 per
652 807 814 874 immensa
843 808 1030 874 seculorum
1061 807 1185 890 secula,
1215 828 1320 874 amen.
1363 807 1459 873 Tunc

263 919 358 998 pater
388 911 498 978 Adam
530 911 725 997 provolutus
756 910 896 996 pedibus
927 910 1069 994 domini,
1105 931 1298 997 sursumque
1330 917 1460 977 erectus

264 1038 381 1085 manus
403 1017 473 1083 eius
495 1016 716 1101 deosculatus,
737 1017 869 1084 fortiter
888 1017 1043 1083 lacrimas
1059 1017 1209 1102 profudit
1223 1017 1347 1084 dicens:
1370 1018 1460 1086 Ecce

265 1141 381 1187 manus
404 1140 487 1204 quae
510 1119 756 1202 plasmaverunt
782 1141 847 1203 me,
875 1120 1057 1186 testificans
1080 1119 1246 1203 omnibus3
1273 1125 1308 1186 et
1329 1119 1463 1186 dicebat

265 1223 307 1288 ad
330 1223 514 1288 dominum:
546 1221 723 1286 Advenisti
751 1244 808 1287 rex
831 1222 971 1305 gloriae,
999 1221 1143 1286 liberans
1165 1221 1314 1286 homines
1335 1227 1461 1304 tuoque

265 1318 424 1407 perpetuo
457 1344 639 1407 aggregans
668 1345 777 1407 regno.
821 1324 915 1389 Tunc
943 1329 976 1388 et
1003 1329 1108 1396 mater
1136 1329 1252 1389 nostra
1273 1323 1347 1388 Eva
1374 1323 1462 1387 sirni-

265 1426 341 1490 liter
363 1425 489 1490 domini
516 1425 655 1507 pedibus
683 1424 860 1508 provoluta
886 1446 923 1490 ac
954 1446 1082 1490 sursum
1112 1431 1223 1490 erecto
1249 1445 1364 1490 manus
1391 1426 1462 1489 eius

266 1525 462 1592 deosculans
489 1531 523 1590 ct
543 1524 747 1609 profundens
769 1524 902 1592 fortiter
923 1526 1079 1592 lacrimas
1101 1526 1199 1592 dixit:
1230 1527 1319 1594 Ecce
1346 1547 1462 1592 manus

265 1651 350 1715 quae
372 1650 423 1695 me
446 1628 699 1714 fabricaverunt,
721 1630 902 1696 testificans
925 1630 1086 1697 omnibus.

353 1735 483 1801 ²'Iunc
526 1757 639 1801 omnes
681 1737 787 1802 sancti
826 1736 1002 1803 adorantes
1043 1758 1117 1803 cum
1155 1737 1379 1803 clamaverunt
1416 1735 1463 1801 di·

267 1844 394 1906 centes:
418 1839 620 1905 Benedictus
643 1840 700 1923 qui
722 1838 812 1905 venit
834 1841 870 1904 in
892 1841 1026 1906 nominc
1049 1842 1184 1925 domini,
1207 1841 1288 1927 (leus
1311 1840 1465 1905 dominus

267 1946 379 2011 illuxit
408 1945 515 2010 nobis.
559 1945 669 2010 Amen
696 1965 756 2029 per
785 1945 896 2011 omnia
923 1947 1042 2012 secula
1086 1934 1234 2012 Alleluia
1262 1947 1297 2011 in
1319 1946 1463 2010 seculum

268 2046 387 2112 seculi:
418 2047 490 2111 laus
520 2046 629 2111 honor
656 2047 761 2109 virtus
790 2046 910 2130 gloria,
941 2047 1022 2129 quia
1051 2046 1212 2111 advenisti
1240 2068 1279 2111 ex
1308 2047 1376 2112 alto
1404 2066 1466 2110 nos

268 2148 413 2213 visitans.
464 2145 615 2211 Alleluia
651 2151 821 2210 cantantes
851 2168 911 2229 per
943 2147 1054 2212 omnia
1084 2153 1118 2212 et
1148 2147 1395 2231 congaudentes
1426 2146 1467 2210 de

268 2251 377 2335 gloria
404 2249 646 2314 concurrebant
671 2249 732 2314 sub
756 2248 907 2315 manibus
930 2248 1066 2315 domini.
1110 2249 1205 2314 Tunc
1228 2251 1373 2315 salvator
1395 2270 1467 2334 per·

269 2361 420 2423 scrutans
443 2355 483 2422 dc
507 2356 660 2422 omnibus
682 2353 897 2443 momordidit
918 2355 1097 2440 infernum,
1119 2357 1318 2441 quantocius
1339 2361 1468 2441 partem

270 2463 389 2530 deiecit
410 2463 445 2528 in
467 2467 638 2546 umerum,
659 2467 786 2547 partem
810 2482 920 2528 secum
943 2462 1076 2528 reduxit
1098 2461 1140 2529 ad
1162 2482 1309 2548 superos.

675 2706 794 2772 (larun
818 2705 862 2772 X.
901 2705 1063 2793 (XXVI.)

357 2845 451 2909 'Iunc
479 2864 592 2908 omnes
620 2845 726 2909 sancti
749 2844 801 2909 dei
830 2848 1031 2928 rogaverunt
1052 2843 1221 2907 dominum
1249 2846 1287 2907 ut
1310 2842 1471 2907 uictoriae

272 2948 402 3031 signum
426 2952 559 3012 sanctae
588 2947 696 3011 crucis
723 2947 928 3031 relinqueret
954 2945 1041 3029 apud
1070 2946 1208 3030 inferos,
1237 2967 1279 3011 ne
1305 2945 1471 3029 praevale·

272 3059 347 3117 rent
373 3050 517 3116 ministri
540 3051 610 3115 eius
634 3051 827 3133 nequissimi
851 3050 994 3134 aliquem
1018 3050 1160 3114 retinere
1183 3049 1350 3132 culpatum
1374 3069 1473 3132 quem

273 3156 455 3221 absolverit
488 3154 669 3220 dominus
698 3154 746 3218 Et
778 3153 900 3219 factum
932 3161 984 3218 est
1013 3155 1076 3237 ita,
1111 3154 1288 3237 posuitque
1320 3152 1473 3216 dominus
1517 3191 1519 3196 -

274 3280 404 3324 crucem
432 3279 525 3323 suam
552 3258 587 3323 in
615 3256 723 3322 medio
752 3257 887 3340 inferni,
919 3277 1005 3341 quae
1034 3257 1236 3345 estsiguum
1260 3255 1418 3320 victoriae
1441 3259 1473 3320 et

274 3363 436 3446 usquein
459 3367 627 3426 aeternum
651 3360 866 3444 permanebit

277 3625 362 3675 eadd
388 3621 512 3686 Christus)
538 3622 604 3673 salo.
624 3638 689 3672 amn.
715 3621 745 3685 (Β
763 3627 849 3672 noster
872 3626 896 3670 et
918 3622 1033 3671 dominus
1055 3618 1176 3681 omniurn)
1200 3620 1260 3684 pius
1281 3619 1310 3683 (c
1326 3635 1433 3683 magnus
1449 3623 1474 3669 st

279 3710 407 3768 oscelsus,
428 3709 499 3773 pias)
518 3713 543 3758 et
559 3712 615 3758 snit.
641 3705 646 3774 Ι
668 3711 779 3758 homines
801 3708 830 3771 (n
848 3708 924 3770 nem)
945 3742 975 3758 ..
996 3721 1074 3759 enos
1096 3708 1101 3767 Ι
1119 3706 1253 3771 salonicae.
1277 3721 1335 3755 curu
1354 3718 1388 3756 sc
1407 3740 1437 3754 ..
1457 3718 1474 3755 Β

275 3794 401 3859 plasmas.
1168 3779 1171 3782 ⁴

363 3885 388 3933 2.
426 3879 467 3930 Cf.
487 3877 511 3931 Δ
530 3881 550 3928 l.
569 3882 589 3930 l.
624 3879 780 3928 Benedictus
798 3910 808 3920 ·
824 3878 939 3929 dominus
960 3879 989 3943 (n
1008 3878 1128 3929 benedict.
1145 3878 1210 3928 dens.
1228 3876 1263 3941 et)
1281 3876 1370 3926 illusit
1389 3907 1398 3917 -
1415 3892 1473 3925 can·

279 3972 363 4017 latntes
382 3967 411 4030 (Β
431 3966 568 4031 cantemus)
588 3967 799 4031 -congaudentes
821 3965 849 4028 (Β
868 3965 990 4030 deantur)
1015 3967 1046 4015 dc
1064 3966 1133 4030 glor.
1158 3964 1187 4027 (Β
1205 3965 1257 4014 sdd
1276 3962 1351 4029 qnae)
1373 3979 1474 4012 cunm·

278 4055 330 4105 τιὸ.
351 4054 380 4117 (Β
399 4053 537 4119 consternit)
561 4055 605 4104 sud
628 4072 696 4104 man.
716 4054 812 4105 damini
837 4071 895 4104 cum
919 4066 955 4106 ΑΒ
979 4090 986 4104 .
1007 4089 1013 4104 .
1039 4067 1054 4104 c
1077 4054 1173 4103 Bened.
1193 4055 1236 4116 qui
1260 4053 1328 4101 uenit
1354 4053 1382 4100 in
1407 4066 1474 4100 narn.

278 4144 356 4201 dom„
374 4143 466 4190 dantes
484 4142 584 4191 laudern
602 4143 660 4191 Iesu
680 4143 780 4190 Christo
799 4140 920 4190 altissimi
936 4140 1014 4207 filim
1037 4139 1267 4201 concurrebantque
1284 4153 1367 4187 omnes
1384 4136 1477 4186 lactati

278 4228 330 4291 (sic
349 4228 420 4291 scre)
439 4228 483 4277 sub
501 4229 726 4288 enuntiationum
744 4228 808 4277 sala.
826 4232 912 4277 nostes·
926 4228 931 4291 Ι
946 4228 977 4276 dc
995 4227 1107 4276 omnibus
1125 4260 1154 4275 ..
1174 4238 1190 4276 e
1208 4225 1292 4274 onnia
1306 4223 1311 4287 Ι
1325 4224 1475 4274 momordid.

278 4313 375 4379 infern.
396 4329 454 4362 cum
474 4325 539 4363 Β..
559 4329 576 4365 Δ
594 4313 677 4362 doluit
699 4313 815 4379 infernus
834 4349 863 4364 ..
885 4326 960 4363 cam
984 4309 989 4374 Ι
1014 4310 1162 4375 quantocius
1185 4324 1305 4361 cuuis.
1325 4344 1332 4358 .
1352 4321 1385 4360 Bc
1408 4323 1451 4358 am
1472 4305 1476 4374 Ι

242 4449 247 4463 ,
279 4402 420 4451 Bdedasit

365 4487 398 4537 x.
436 4484 477 4535 Cf.
496 4483 520 4536 Α
540 4485 614 4543 VIII,
633 4488 658 4537 1.
676 4487 700 4535 2.
735 4486 795 4534 sict.
814 4485 878 4548 sign.
897 4500 934 4533 sa.
953 4484 1036 4533 mucis
1054 4500 1112 4533 cum
1130 4497 1162 4544 Δς
1183 4484 1281 4546 csign.
1298 4484 1403 4530 unciae
1420 4497 1478 4530 m·

280 4573 317 4621 cis
333 4572 457 4621 uictoriae
478 4609 483 4621 .
502 4607 508 4621 .
529 4583 545 4620 Β
563 4571 629 4635 sign,
648 4571 772 4619 victoriae
795 4586 856 4618 snos
879 4570 883 4631 Ι
907 4581 924 4618 Β
943 4586 984 4618 om
1004 4569 1133 4633 culpatum
1156 4571 1162 4630 Ι
1185 4566 1328 4620 sabsaluit
1351 4565 1357 4631 Ι
1380 4583 1478 4617 messis

280 4674 350 4706 mam
370 4693 400 4707 ..
420 4669 437 4707 Β
454 4657 520 4720 sign.
535 4657 619 4704 crucis
636 4672 697 4704 suae
712 4658 716 4717 Ι
733 4667 748 4706 c
766 4656 832 4718 sign.
845 4655 936 4704 uictor.
955 4671 1033 4718 usqne
1050 4656 1076 4703 in
1094 4660 1145 4704 aet.
1161 4670 1211 4719 per
1228 4657 1315 4702 asnns‘a
1328 4667 1481 4716 permanens
