3458 5640
279 538 341 600 100
468 535 799 588 esnello-umnam
816 534 1059 586 nv'nrvosnwx.
1086 535 1161 586 ΟΔΡ.
1180 535 1275 586 xxxl.

276 685 384 768 loqui.
419 684 467 748 Idt
488 683 576 747 dixit
596 684 645 747 eis
666 682 783 748 Iesus:
814 681 883 746 Fui
904 683 1075 747 intervos
1098 703 1175 746 cum
1196 681 1407 764 infantibus,
1435 689 1470 747 et

276 808 346 852 non
363 785 573 870 cognovistis
594 805 657 849 me.
688 783 845 850 Locutus
866 804 942 848 sum
957 782 1054 848 vobis
1072 784 1171 867 quasi
1192 804 1269 848 cum
1290 783 1470 867 prudenti·

276 890 357 973 bus,
379 895 414 956 et
434 909 503 954 non
526 886 750 954 intellexistis
766 907 883 954 vocem
900 907 1023 969 meam,
1046 887 1128 970 quia
1142 887 1292 952 minores
1308 907 1361 953 me
1384 888 1470 953 estis

280 1000 316 1060 et
330 992 486 1059 modicae
504 990 596 1056 fidei.

730 1160 852 1229 Ocnus
873 1161 1018 1228 XXXI.

364 1305 373 1337 ¹
391 1302 522 1368 Iterum
544 1302 711 1386 magister
730 1301 886 1385 Zachyas
909 1302 997 1385 legis
1019 1300 1141 1366 doctor
1161 1300 1249 1366 dixit
1275 1299 1318 1367 ad
1340 1299 1470 1386 Ioseph
1505 1367 1511 1380 ,

279 1413 315 1471 et
329 1404 493 1470 Mariam:
523 1402 616 1469 Date
633 1405 717 1468 mihi
734 1425 890 1488 puerum,
912 1411 948 1469 et
964 1425 1027 1487 ego
1044 1402 1176 1468 tradem
1192 1402 1290 1468 illum
1305 1405 1469 1487 magistro

275 1507 371 1591 Levi,
389 1509 449 1592 qui
460 1506 585 1573 doceat
600 1507 824 1595 eumlitterss
841 1513 877 1572 et
892 1507 1041 1571 erudiat.
1065 1504 1164 1571 Tunc
1174 1504 1302 1590 Ioseph
1313 1513 1349 1572 et
1357 1504 1471 1572 Maria

277 1610 500 1677 blandientes
516 1609 635 1676 lesum
652 1609 826 1676 duxerunt
846 1611 882 1674 in
905 1609 1059 1691 scholas,
1082 1617 1122 1674 nt
1137 1608 1319 1676 doceretur
1334 1608 1470 1676 litteras

280 1736 300 1781 a
322 1735 405 1781 sene
420 1713 517 1779 Levi.
550 1711 619 1797 Qui
640 1734 717 1778 cum
738 1713 933 1796 introisset,
955 1711 1104 1778 tacebat.
1135 1710 1183 1778 Et
1202 1713 1368 1795 magister
1385 1711 1471 1779 Levi

278 1839 382 1884 unam
397 1816 552 1883 litteram
568 1815 708 1882 dicebat
728 1816 772 1882 ad
787 1815 920 1899 Iesum,
942 1823 979 1880 et
998 1816 1172 1899 incipiens
1193 1808 1473 1899 eprima'littera

277 1920 396 2005 Aleph
420 1920 561 1986 dicebat
585 1920 632 1984 si:
663 1918 862 2004 Responde.
893 1918 996 1986 Iesus
1021 1927 1136 1985 autem
1162 1919 1302 1985 tacebat
1326 1925 1361 1985 st
1385 1920 1472 1986 nihil

277 2022 522 2106 respondebat.
552 2021 654 2087 Unde
671 2030 878 2105 praeceptor·
893 2023 977 2087 Levi
994 2023 1104 2086 iratus
1126 2022 1391 2104 apprehendens
1410 2024 1474 2087 vir·-

279 2144 356 2208 gam
372 2125 576 2190 storatinam
591 2125 766 2206 percussit
782 2145 860 2188 eum
881 2125 916 2187 in
934 2124 1058 2205 capito.
1106 2125 1117 2158 ¹
1133 2121 1234 2188 Iesus
1254 2131 1370 2188 autem
1387 2123 1476 2188 dixit

280 2223 324 2290 ed
341 2224 556 2290 didascalum
570 2223 671 2289 Levi:
703 2223 753 2290 Ut
768 2225 852 2308 quid
873 2245 926 2289 me
949 2222 1126 2307 percutis?
1156 2223 1199 2288 In
1215 2225 1360 2290 veritate
1383 2226 1473 2291 scias

278 2327 361 2412 qnia
385 2327 460 2411 ipse
481 2327 541 2410 qui
563 2328 759 2410 percutitur
779 2328 888 2412 magis
911 2327 1014 2392 docet
1034 2328 1288 2410 percutientem
1310 2347 1346 2393 se
1370 2348 1473 2411 quam

278 2428 320 2495 ab
344 2449 383 2494 eo
405 2427 580 2495 doceatur.
617 2428 692 2515 Ego
716 2430 809 2496 enim
830 2435 863 2495 te
885 2449 1025 2513 possum
1043 2427 1166 2494 docere
1184 2434 1272 2512 qnae
1295 2449 1316 2494 a
1336 2433 1370 2494 te
1395 2431 1471 2513 ipso

278 2532 452 2598 dicuntur.
497 2530 567 2599 Sed
591 2532 628 2597 hi
653 2554 771 2600 omnes
797 2533 893 2599 caeci
917 2538 1000 2598 sunt
1024 2531 1083 2616 qui
1109 2531 1231 2597 dieunt
1255 2535 1289 2596 et
1313 2531 1471 2614 audiunt,

278 2636 377 2720 quasi
400 2656 459 2703 ees
480 2657 607 2702 sonans
633 2643 694 2701 out
716 2636 901 2702 cimbalum
925 2636 1094 2718 tinniens,
1121 2635 1305 2719 inquibus
1328 2643 1473 2701 nonest

276 2760 400 2806 sensus
417 2759 536 2804 eorum
553 2758 640 2823 quae
664 2738 912 2825 intelliguntur
927 2760 990 2823 per
1006 2760 1129 2806 sonum
1146 2738 1294 2804 illorum.
1329 2737 1377 2803 Et
1393 2738 1472 2804 sub-

276 2842 426 2926 iungens
442 2840 543 2907 Issus
565 2839 654 2906 dixit
668 2840 845 2926 Zachyee:
877 2840 999 2909 Omnis
1021 2843 1202 2909 litteraeb
1219 2841 1336 2927 Aleph
1358 2863 1470 2927 usqne

277 2944 322 3011 ad
337 2944 436 3009 Thau
459 2943 690 3027 dispositione
713 2945 933 3012 discernitur.
964 2945 1033 3012 Dic
1054 2968 1136 3031 ergo
1158 2952 1196 3012 tu
1218 2947 1366 3030 primum
1387 2945 1471 3030 qnid

277 3126 333 3173 Aac
343 3139 448 3188 mopsus
459 3128 497 3172 eet
507 3125 536 3171 ut
547 3121 617 3181 deur,
635 3126 680 3170 aot
692 3123 797 3186 anysius
808 3124 850 3173 dei
862 3124 974 3188 loquitur
986 3124 1012 3172 in
1025 3141 1061 3172 ee.
1082 3121 1134 3186 (cf.
1148 3122 1240 3184 xxm,
1258 3125 1294 3187 3.)
1322 3123 1390 3173 ilinc
1401 3123 1474 3174 Iesus

279 3210 347 3262 dixit
358 3210 409 3260 eis.-
436 3208 503 3272 Quia
514 3208 605 3259 videtis
616 3225 654 3258 me
665 3209 797 3275 insontem,
810 3211 853 3274 qvi
864 3210 934 3257 disi.-
959 3210 1018 3260 Scio
1031 3210 1130 3275 quondo
1143 3210 1199 3258 nati
1211 3211 1285 3268 erlis,
1302 3226 1384 3260 earnes
1395 3212 1472 3258 mira·

280 3296 351 3356 mirri,
363 3311 413 3347 noo
424 3294 595 3360 iutellipentes
605 3311 687 3345 rocem
699 3312 785 3345 rimans.
810 3296 902 3344 Adhuc
913 3295 1041 3359 orrvpliorc
1053 3297 1110 3346 dieo
1122 3295 1199 3355 colis,
1211 3299 1239 3346 et
1250 3297 1331 3360 strapis
1342 3297 1472 3347 orirevvriui.

280 3384 486 3433 Omnermisoree
498 3384 557 3432 ertio
566 3399 617 3432 me.-
629 3398 673 3447 epo
687 3399 740 3433 oum
751 3382 966 3448 exaltatusfuero
979 3387 1085 3441 eterra,
1096 3385 1253 3448 perseveraret
1263 3384 1372 3448 (repone
1383 3387 1472 3446 vestri)

270 3470 373 3535 sociam
382 3485 481 3518 cessare
492 3470 645 3518 mentionem.
665 3469 756 3519 Iudaei
768 3475 851 3519 aetem
863 3472 906 3534 qui
918 3470 1038 3519 astabant
1049 3467 1104 3533 [et]
1117 3470 1254 3519 audiebant
1265 3486 1399 3519 sermonem
1410 3474 1472 3528 eive,

277 3555 366 3603 sudati
374 3558 432 3603 net
440 3555 564 3604 dioecetes:
585 3554 660 3604 Tales
667 3571 793 3603 amoses
801 3572 926 3618 nunquam
937 3555 1079 3603 audivimus
1088 3555 1176 3617 quoles
1188 3555 1287 3603 locustae
1298 3560 1335 3603 est
1346 3556 1393 3603 isle
1399 3571 1471 3617 puer.

346 3638 439 3696 XXXI,
460 3641 482 3688 1.
507 3653 525 3688 1>
539 3639 590 3688 sic:
609 3639 706 3688 Itencm
723 3640 844 3703 magister
856 3640 964 3689 Zoolioe
976 3640 1044 3689 dixit
1059 3639 1094 3688 cd
1106 3639 1212 3701 Ioseph.-
1235 3639 1353 3688 Domiti
1367 3656 1471 3702 preerant

278 3730 304 3776 st
315 3742 359 3790 eqo
372 3729 405 3774 tr.
418 3740 472 3773 eum
484 3749 493 3760 ·
506 3725 596 3773 doceat
611 3724 684 3773 illum
697 3725 798 3790 litteras
811 3751 819 3761 ·
832 3726 1024 3775 deserentem
1041 3726 1067 3774 io
1079 3726 1174 3775 scolam
1185 3731 1213 3774 ut
1225 3726 1365 3774 disceretur
1378 3724 1441 3788 (sio)
1456 3744 1472 3774 o

277 3811 375 3861 emtore
387 3809 451 3859 Iaeoi
463 3836 472 3847 ·
485 3827 501 3858 α
509 3811 586 3873 prim.
600 3810 690 3860 littero
707 3811 787 3874 alplre
799 3838 807 3849 ·
821 3812 893 3861 Iesus
905 3829 962 3862 cero
980 3813 1045 3861 sitit
1062 3811 1236 3874 respondebat.
1271 3812 1341 3862 Unde
1352 3815 1473 3877 rvvaqirter

279 3897 343 3947 Levi
355 3923 364 3932 ·
376 3913 430 3946 eum
443 3898 534 3959 capite.

347 3986 372 4032 2.
390 3982 448 4046 Epo
460 3984 524 4031 enim
537 3988 561 4032 te
568 3998 671 4044 possem
682 3984 772 4032 docere
785 3990 842 4033 etc:
862 3985 896 4034 cf.
909 3997 926 4030 Β
945 3985 978 4033 ed
992 3985 1070 4040 XXX.
1084 3989 1107 4034 4.
1122 3983 1126 4048 Ι
1143 3986 1226 4033 Plau.-
1244 3986 1282 4035 ita
1296 4002 1353 4034 cum
1366 4000 1384 4034 1>
1398 3987 1470 4036 dedi-

278 4086 346 4127 mus,
357 4070 428 4133 quod
441 4074 594 4133 corruptum
607 4071 686 4120 etiem
700 4084 717 4117 n
730 4072 855 4135 proebet3
873 4085 889 4119 Δ
906 4072 967 4120 raet
979 4073 1069 4120 hebet.
1095 4073 1161 4121 Item
1176 4080 1246 4136 post.
1261 4071 1265 4138 Ι
1280 4073 1349 4120 caeci
1359 4075 1417 4119 eust
1429 4074 1472 4135 psi

277 4156 379 4204 dicuat:
403 4169 421 4204 1>
433 4155 533 4204 diecust
552 4169 598 4219 pro
611 4156 699 4204 dicuat
712 4153 716 4221 Ι
727 4160 834 4218 permeat
851 4171 881 4204 ex
900 4170 919 4204 1>
937 4157 1108 4219 sumpsimus,
1126 4171 1142 4204 Α
1161 4173 1201 4205 om
1214 4154 1219 4220 1
1231 4158 1358 4220 praelatos
1375 4156 1472 4218 (codex

278 4239 370 4304 potius
384 4243 543 4302 promotos)
563 4239 696 4288 sutaeutoe
714 4249 772 4288 etc:
797 4242 831 4287 cf.
851 4242 923 4288 locos
943 4242 1063 4304 geminos
1082 4242 1108 4288 in
1129 4240 1236 4290 Graecis
1255 4241 1360 4304 (evang.
1378 4240 1470 4289 Thorn.

278 4322 371 4373 Graec.
385 4325 414 4371 Α.
427 4323 473 4380 v1,
485 4323 521 4383 4.)
535 4331 563 4372 et
574 4323 694 4383 Letinir;
708 4324 772 4373 item
787 4338 853 4388 quse
867 4325 948 4373 codex
962 4339 980 4373 o
994 4325 1112 4388 praebet.

349 4406 393 4458 Sic
407 4424 438 4459 n:
458 4410 530 4459 Iesus
541 4426 599 4459 cero
611 4411 663 4459 dim
683 4411 717 4459 ad
729 4409 901 4459 didascalum:
925 4410 959 4460 Ut
971 4411 1031 4475 quid
1045 4437 1052 4447 ·
1066 4412 1125 4475 quia
1139 4412 1182 4476 qui
1196 4413 1339 4473 percutitur
1351 4436 1359 4446 ·
1369 4425 1472 4473 perraro

277 4497 362 4547 dicere
374 4495 421 4545 titi
429 4513 493 4562 quoe
504 4513 522 4545 a
533 4500 557 4546 te
566 4497 698 4546 discuntur
711 4523 719 4534 ·
733 4498 802 4546 caeci
813 4494 923 4562 runt-'qui
932 4498 1032 4547 disceret
1044 4503 1069 4547 et
1081 4498 1149 4556 aad„
1161 4502 1219 4547 rest
1231 4499 1305 4563 poesi
1316 4523 1324 4534 ·
1337 4501 1376 4547 est
1385 4512 1473 4546 seusus

277 4600 322 4634 seo
333 4581 477 4633 intellector
489 4599 573 4634 eorum
585 4610 595 4621 ·
607 4583 679 4634 Iesus
690 4583 757 4632 dicit
767 4584 904 4648 rsopietroe
930 4584 1016 4634 Omnis
1034 4584 1122 4634 littero
1139 4584 1170 4633 ol
1188 4583 1266 4648 olplio
1281 4600 1359 4650 esque
1376 4584 1410 4632 od
1427 4588 1472 4634 tou

278 4670 329 4735 (sio
349 4671 399 4720 hor
416 4671 491 4731 loco;
510 4677 605 4734 posteo
618 4673 742 4735 corrupte
755 4672 812 4732 eon)
831 4696 839 4708 ·
856 4671 908 4721 Die
919 4671 980 4720 mili
991 4687 1051 4735 erpo
1059 4672 1167 4735 primum
1181 4676 1207 4720 te
1226 4697 1234 4708 ·
1252 4672 1311 4736 quid
1323 4672 1359 4720 eit
1370 4669 1471 4734 cipria-
