<?xml version="1.0" encoding="UTF-8"?>
<!DOCTYPE html PUBLIC "-//W3C//DTD XHTML 1.0 Transitional//EN"
    "http://www.w3.org/TR/xhtml1/DTD/xhtml1-transitional.dtd">
<html xmlns="http://www.w3.org/1999/xhtml" xml:lang="en" lang="en">
 <head>
  <title>
</title>
<meta http-equiv="Content-Type" content="text/html;charset=utf-8" />
  <meta name='ocr-system' content='tesseract 3.04.00' />
  <meta name='ocr-capabilities' content='ocr_page ocr_carea ocr_par ocr_line ocrx_word'/>
</head>
<body>
  <div class='ocr_page' id='page_1' title='image "./evangeliaapocry02tiscgoog_0539.png"; bbox 0 0 3458 5640; ppageno 0'>
   <div class='ocr_carea' id='block_1_1' title="bbox 263 529 1106 593">
    <p class='ocr_par' dir='ltr' id='par_1_1' title="bbox 263 529 1106 593">
     <span class='ocr_line' id='line_1_1' title="bbox 263 529 1106 593; baseline -0.001 -10"><span class='ocrx_word' id='word_1_1' title='bbox 263 531 326 593; x_wconf 83' lang='grc'>424</span> <span class='ocrx_word' id='word_1_2' title='bbox 616 529 743 579; x_wconf 72' lang='lat' dir='ltr'>EVANG.</span> <span class='ocrx_word' id='word_1_3' title='bbox 763 529 938 580; x_wconf 77' lang='lat' dir='ltr'>ulcousul</span> <span class='ocrx_word' id='word_1_4' title='bbox 965 531 1051 580; x_wconf 73' lang='lat' dir='ltr'>Pius</span> <span class='ocrx_word' id='word_1_5' title='bbox 1070 532 1106 584; x_wconf 87' lang='lat'>11.</span> 
     </span>
    </p>
   </div>
   <div class='ocr_carea' id='block_1_2' title="bbox 260 680 1463 2213">
    <p class='ocr_par' dir='ltr' id='par_1_2' title="bbox 260 680 1460 1290">
     <span class='ocr_line' id='line_1_2' title="bbox 264 680 1456 768; baseline 0.003 -21"><span class='ocrx_word' id='word_1_6' title='bbox 264 682 334 747; x_wconf 90' lang='lat' dir='ltr'>noli</span> <span class='ocrx_word' id='word_1_7' title='bbox 358 682 481 764; x_wconf 85' lang='lat' dir='ltr'>timere,</span> <span class='ocrx_word' id='word_1_8' title='bbox 503 681 638 764; x_wconf 87' lang='lat' dir='ltr'>antique</span> <span class='ocrx_word' id='word_1_9' title='bbox 660 681 765 745; x_wconf 83' lang='lat' dir='ltr'>amice</span> <span class='ocrx_word' id='word_1_10' title='bbox 788 680 1006 764; x_wconf 77' lang='lat' dir='ltr'>nequissime:</span> <span class='ocrx_word' id='word_1_11' title='bbox 1035 682 1114 766; x_wconf 86' lang='lat' dir='ltr'>quie</span> <span class='ocrx_word' id='word_1_12' title='bbox 1135 704 1195 767; x_wconf 85' lang='lat' dir='ltr'>ego</span> <span class='ocrx_word' id='word_1_13' title='bbox 1218 684 1379 768; x_wconf 87' lang='lat' dir='ltr'>populum</span> <span class='ocrx_word' id='word_1_14' title='bbox 1401 684 1456 750; x_wconf 91' lang='lat' dir='ltr'>Iu-</span> 
     </span>
     <span class='ocr_line' id='line_1_3' title="bbox 265 785 1458 875; baseline 0.003 -23"><span class='ocrx_word' id='word_1_15' title='bbox 265 789 419 853; x_wconf 84' lang='lat' dir='ltr'>daeorum</span> <span class='ocrx_word' id='word_1_16' title='bbox 453 786 616 852; x_wconf 74' lang='lat' dir='ltr'>concitavi</span> <span class='ocrx_word' id='word_1_17' title='bbox 648 785 804 851; x_wconf 81' lang='lat' dir='ltr'>adversus</span> <span class='ocrx_word' id='word_1_18' title='bbox 836 809 924 871; x_wconf 88' lang='lat' dir='ltr'>eum,</span> <span class='ocrx_word' id='word_1_19' title='bbox 955 787 1060 873; x_wconf 84' lang='lat' dir='ltr'>ulapis</span> <span class='ocrx_word' id='word_1_20' title='bbox 1087 810 1160 854; x_wconf 90' lang='lat' dir='ltr'>eum</span> <span class='ocrx_word' id='word_1_21' title='bbox 1184 788 1274 855; x_wconf 84' lang='lat' dir='ltr'>feriri</span> <span class='ocrx_word' id='word_1_22' title='bbox 1303 791 1458 875; x_wconf 82' lang='lat' dir='ltr'>praecepi</span> 
     </span>
     <span class='ocr_line' id='line_1_4' title="bbox 260 891 1457 979; baseline 0.003 -20"><span class='ocrx_word' id='word_1_23' title='bbox 260 899 299 960; x_wconf 84' lang='lat' dir='ltr'>et</span> <span class='ocrx_word' id='word_1_24' title='bbox 320 893 531 959; x_wconf 82' lang='lat' dir='ltr'><strong>traditionem</strong></span> <span class='ocrx_word' id='word_1_25' title='bbox 554 915 613 977; x_wconf 88' lang='lat' dir='ltr'>per</span> <span class='ocrx_word' id='word_1_26' title='bbox 636 892 706 958; x_wconf 88' lang='lat' dir='ltr'>eius</span> <span class='ocrx_word' id='word_1_27' title='bbox 730 891 927 978; x_wconf 84' lang='lat' dir='ltr'>discipulum</span> <span class='ocrx_word' id='word_1_28' title='bbox 948 893 984 959; x_wconf 92' lang='lat' dir='ltr'>in</span> <span class='ocrx_word' id='word_1_29' title='bbox 1004 915 1078 960; x_wconf 90' lang='lat' dir='ltr'>eum</span> <span class='ocrx_word' id='word_1_30' title='bbox 1094 895 1221 979; x_wconf 83' lang='lat' dir='ltr'>peregi3</span> <span class='ocrx_word' id='word_1_31' title='bbox 1244 901 1278 961; x_wconf 89' lang='lat' dir='ltr'>et</span> <span class='ocrx_word' id='word_1_32' title='bbox 1292 896 1457 963; x_wconf 89' lang='lat' dir='ltr'>esthemo</span> 
     </span>
     <span class='ocr_line' id='line_1_5' title="bbox 265 998 1460 1084; baseline 0.003 -19"><span class='ocrx_word' id='word_1_33' title='bbox 265 1000 403 1065; x_wconf 89' lang='lat' dir='ltr'>multum</span> <span class='ocrx_word' id='word_1_34' title='bbox 425 998 545 1063; x_wconf 90' lang='lat' dir='ltr'>timens</span> <span class='ocrx_word' id='word_1_35' title='bbox 568 1003 718 1081; x_wconf 86' lang='lat' dir='ltr'>mortem,</span> <span class='ocrx_word' id='word_1_36' title='bbox 740 999 796 1084; x_wconf 90' lang='lat' dir='ltr'>qui</span> <span class='ocrx_word' id='word_1_37' title='bbox 820 1021 859 1064; x_wconf 88' lang='lat' dir='ltr'>ex</span> <span class='ocrx_word' id='word_1_38' title='bbox 882 999 1002 1065; x_wconf 89' lang='lat' dir='ltr'>timore</span> <span class='ocrx_word' id='word_1_39' title='bbox 1025 999 1122 1065; x_wconf 86' lang='lat' dir='ltr'>dixit:</span> <span class='ocrx_word' id='word_1_40' title='bbox 1145 1000 1265 1067; x_wconf 81' lang='lat' dir='ltr'>Tristis</span> <span class='ocrx_word' id='word_1_41' title='bbox 1284 1006 1334 1068; x_wconf 90' lang='lat' dir='ltr'>est</span> <span class='ocrx_word' id='word_1_42' title='bbox 1348 1001 1460 1068; x_wconf 82' lang='lat' dir='ltr'>animo</span> 
     </span>
     <span class='ocr_line' id='line_1_6' title="bbox 265 1100 1458 1188; baseline 0.002 -20"><span class='ocrx_word' id='word_1_43' title='bbox 265 1124 339 1168; x_wconf 86' lang='lat' dir='ltr'>mee</span> <span class='ocrx_word' id='word_1_44' title='bbox 360 1123 464 1186; x_wconf 91' lang='lat' dir='ltr'>usque</span> <span class='ocrx_word' id='word_1_45' title='bbox 487 1100 528 1167; x_wconf 81' lang='lat' dir='ltr'>ed</span> <span class='ocrx_word' id='word_1_46' title='bbox 551 1107 708 1184; x_wconf 89' lang='lat' dir='ltr'>mertom;</span> <span class='ocrx_word' id='word_1_47' title='bbox 736 1107 770 1167; x_wconf 88' lang='lat' dir='ltr'>et</span> <span class='ocrx_word' id='word_1_48' title='bbox 791 1102 832 1168; x_wconf 85' lang='lat' dir='ltr'>ud</span> <span class='ocrx_word' id='word_1_49' title='bbox 854 1103 940 1168; x_wconf 86' lang='lat' dir='ltr'>hene</span> <span class='ocrx_word' id='word_1_50' title='bbox 962 1103 1056 1169; x_wconf 91' lang='lat' dir='ltr'>illum</span> <span class='ocrx_word' id='word_1_51' title='bbox 1078 1104 1230 1188; x_wconf 86' lang='lat' dir='ltr'>perduxi,</span> <span class='ocrx_word' id='word_1_52' title='bbox 1259 1105 1339 1188; x_wconf 84' lang='lat' dir='ltr'>quia</span> <span class='ocrx_word' id='word_1_53' title='bbox 1359 1105 1458 1170; x_wconf 85' lang='lat' dir='ltr'>modo</span> 
     </span>
     <span class='ocr_line' id='line_1_7' title="bbox 264 1195 1195 1290; baseline 0 -19"><span class='ocrx_word' id='word_1_54' title='bbox 264 1207 389 1274; x_wconf 81' lang='lat' dir='ltr'>levatus</span> <span class='ocrx_word' id='word_1_55' title='bbox 412 1207 447 1271; x_wconf 90' lang='lat' dir='ltr'>in</span> <span class='ocrx_word' id='word_1_56' title='bbox 470 1227 567 1272; x_wconf 89' lang='lat' dir='ltr'>eruce</span> <span class='ocrx_word' id='word_1_57' title='bbox 589 1195 712 1290; x_wconf 85' lang='lat' dir='ltr'>pendit</span> <span class='ocrx_word' id='word_1_58' title='bbox 1193 1285 1195 1290; x_wconf 88' lang='lat'><em>.</em></span> 
     </span>
    </p>

    <p class='ocr_par' dir='ltr' id='par_1_3' title="bbox 264 1311 1463 2213">
     <span class='ocr_line' id='line_1_8' title="bbox 352 1311 1459 1403; baseline 0.004 -19"><span class='ocrx_word' id='word_1_59' title='bbox 352 1317 474 1384; x_wconf 81' lang='lat' dir='ltr'>⁸Tunc</span> <span class='ocrx_word' id='word_1_60' title='bbox 496 1317 645 1383; x_wconf 86' lang='lat' dir='ltr'>infernus</span> <span class='ocrx_word' id='word_1_61' title='bbox 668 1318 716 1383; x_wconf 88' lang='lat' dir='ltr'>eit</span> <span class='ocrx_word' id='word_1_62' title='bbox 737 1317 779 1382; x_wconf 85' lang='lat' dir='ltr'>ed</span> <span class='ocrx_word' id='word_1_63' title='bbox 802 1339 893 1383; x_wconf 88' lang='lat' dir='ltr'>eum:</span> <span class='ocrx_word' id='word_1_64' title='bbox 925 1317 961 1385; x_wconf 86' lang='lat' dir='ltr'>Si</span> <span class='ocrx_word' id='word_1_65' title='bbox 990 1319 1059 1403; x_wconf 87' lang='lat' dir='ltr'>ipse</span> <span class='ocrx_word' id='word_1_66' title='bbox 1083 1325 1133 1383; x_wconf 85' lang='lat' dir='ltr'>est</span> <span class='ocrx_word' id='word_1_67' title='bbox 1156 1320 1212 1403; x_wconf 91' lang='lat' dir='ltr'>qui</span> <span class='ocrx_word' id='word_1_68' title='bbox 1233 1311 1396 1387; x_wconf 67' lang='lat' dir='ltr'>Loesium</span> <span class='ocrx_word' id='word_1_69' title='bbox 1420 1322 1459 1388; x_wconf 90' lang='lat' dir='ltr'>de</span> 
     </span>
     <span class='ocr_line' id='line_1_9' title="bbox 265 1418 1461 1507; baseline 0.001 -22"><span class='ocrx_word' id='word_1_70' title='bbox 265 1421 337 1486; x_wconf 88' lang='lat' dir='ltr'>sinu</span> <span class='ocrx_word' id='word_1_71' title='bbox 361 1440 434 1485; x_wconf 91' lang='lat' dir='ltr'>meo</span> <span class='ocrx_word' id='word_1_72' title='bbox 458 1419 523 1484; x_wconf 85' lang='lat' dir='ltr'>iem</span> <span class='ocrx_word' id='word_1_73' title='bbox 539 1418 795 1503; x_wconf 80' lang='lat' dir='ltr'>quatriduanum</span> <span class='ocrx_word' id='word_1_74' title='bbox 819 1420 890 1484; x_wconf 91' lang='lat' dir='ltr'>selo</span> <span class='ocrx_word' id='word_1_75' title='bbox 914 1420 1013 1486; x_wconf 83' lang='lat' dir='ltr'>verbo</span> <span class='ocrx_word' id='word_1_76' title='bbox 1037 1421 1167 1505; x_wconf 81' lang='lat' dir='ltr'>imperii</span> <span class='ocrx_word' id='word_1_77' title='bbox 1190 1421 1239 1486; x_wconf 91' lang='lat' dir='ltr'>sui</span> <span class='ocrx_word' id='word_1_78' title='bbox 1259 1422 1348 1487; x_wconf 84' lang='lat' dir='ltr'>velut</span> <span class='ocrx_word' id='word_1_79' title='bbox 1369 1424 1461 1507; x_wconf 85' lang='lat' dir='ltr'>equi·</span> 
     </span>
     <span class='ocr_line' id='line_1_10' title="bbox 264 1519 1460 1612; baseline -0.001 -23"><span class='ocrx_word' id='word_1_80' title='bbox 264 1525 329 1589; x_wconf 87' lang='lat' dir='ltr'>lem</span> <span class='ocrx_word' id='word_1_81' title='bbox 358 1519 490 1588; x_wconf 82' lang='lat' dir='ltr'>evolare</span> <span class='ocrx_word' id='word_1_82' title='bbox 517 1520 611 1606; x_wconf 75' lang='lat' dir='ltr'>feeit,</span> <span class='ocrx_word' id='word_1_83' title='bbox 642 1521 705 1612; x_wconf 89' lang='lat' dir='ltr'>iste</span> <span class='ocrx_word' id='word_1_84' title='bbox 732 1542 798 1586; x_wconf 92' lang='lat' dir='ltr'>non</span> <span class='ocrx_word' id='word_1_85' title='bbox 821 1522 921 1587; x_wconf 90' lang='lat' dir='ltr'>home</span> <span class='ocrx_word' id='word_1_86' title='bbox 946 1528 996 1587; x_wconf 91' lang='lat' dir='ltr'>est</span> <span class='ocrx_word' id='word_1_87' title='bbox 1018 1524 1051 1586; x_wconf 92' lang='lat' dir='ltr'>in</span> <span class='ocrx_word' id='word_1_88' title='bbox 1073 1524 1279 1589; x_wconf 77' lang='lat' dir='ltr'>humanitate</span> <span class='ocrx_word' id='word_1_89' title='bbox 1301 1525 1358 1589; x_wconf 84' lang='lat' dir='ltr'>sed</span> <span class='ocrx_word' id='word_1_90' title='bbox 1380 1525 1460 1590; x_wconf 87' lang='lat' dir='ltr'>deus</span> 
     </span>
     <span class='ocr_line' id='line_1_11' title="bbox 264 1617 1460 1708; baseline 0.002 -19"><span class='ocrx_word' id='word_1_91' title='bbox 264 1617 315 1690; x_wconf 86' lang='lat' dir='ltr'>ost</span> <span class='ocrx_word' id='word_1_92' title='bbox 347 1625 381 1689; x_wconf 94' lang='lat' dir='ltr'>in</span> <span class='ocrx_word' id='word_1_93' title='bbox 412 1623 592 1690; x_wconf 79' lang='lat' dir='ltr'>maiestate.</span> <span class='ocrx_word' id='word_1_94' title='bbox 645 1623 742 1707; x_wconf 79' lang='lat' dir='ltr'>Rogo</span> <span class='ocrx_word' id='word_1_95' title='bbox 775 1629 808 1688; x_wconf 89' lang='lat' dir='ltr'>te</span> <span class='ocrx_word' id='word_1_96' title='bbox 839 1645 880 1689; x_wconf 89' lang='lat' dir='ltr'>ne</span> <span class='ocrx_word' id='word_1_97' title='bbox 914 1625 1076 1708; x_wconf 73' lang='lat' dir='ltr'><strong>perducas</strong></span> <span class='ocrx_word' id='word_1_98' title='bbox 1107 1648 1181 1691; x_wconf 91' lang='lat' dir='ltr'>eum</span> <span class='ocrx_word' id='word_1_99' title='bbox 1213 1625 1253 1692; x_wconf 85' lang='lat' dir='ltr'>ed</span> <span class='ocrx_word' id='word_1_100' title='bbox 1286 1647 1346 1691; x_wconf 91' lang='lat' dir='ltr'>me.</span> <span class='ocrx_word' id='word_1_101' title='bbox 1398 1625 1460 1692; x_wconf 83' lang='lat' dir='ltr'>Oui</span> 
     </span>
     <span class='ocr_line' id='line_1_12' title="bbox 265 1726 1462 1812; baseline 0.002 -19"><span class='ocrx_word' id='word_1_102' title='bbox 265 1726 369 1793; x_wconf 84' lang='lat' dir='ltr'>Setan</span> <span class='ocrx_word' id='word_1_103' title='bbox 391 1726 455 1792; x_wconf 86' lang='lat' dir='ltr'>eit:</span> <span class='ocrx_word' id='word_1_104' title='bbox 486 1727 655 1810; x_wconf 86' lang='lat' dir='ltr'>Preepuru</span> <span class='ocrx_word' id='word_1_105' title='bbox 683 1732 715 1793; x_wconf 91' lang='lat' dir='ltr'>te</span> <span class='ocrx_word' id='word_1_106' title='bbox 743 1732 868 1811; x_wconf 87' lang='lat' dir='ltr'>temen,</span> <span class='ocrx_word' id='word_1_107' title='bbox 890 1749 932 1792; x_wconf 90' lang='lat' dir='ltr'>ne</span> <span class='ocrx_word' id='word_1_108' title='bbox 955 1727 1086 1793; x_wconf 80' lang='lat' dir='ltr'>timess:</span> <span class='ocrx_word' id='word_1_109' title='bbox 1119 1728 1197 1812; x_wconf 85' lang='lat' dir='ltr'>quio</span> <span class='ocrx_word' id='word_1_110' title='bbox 1217 1729 1282 1794; x_wconf 87' lang='lat' dir='ltr'>iem</span> <span class='ocrx_word' id='word_1_111' title='bbox 1305 1729 1341 1793; x_wconf 90' lang='lat' dir='ltr'>in</span> <span class='ocrx_word' id='word_1_112' title='bbox 1364 1751 1462 1795; x_wconf 85' lang='lat' dir='ltr'>cruce</span> 
     </span>
     <span class='ocr_line' id='line_1_13' title="bbox 264 1829 1463 1916; baseline 0.003 -19"><span class='ocrx_word' id='word_1_113' title='bbox 264 1829 399 1916; x_wconf 81' lang='lat' dir='ltr'>pendet,</span> <span class='ocrx_word' id='word_1_114' title='bbox 430 1852 498 1896; x_wconf 94' lang='lat' dir='ltr'>non</span> <span class='ocrx_word' id='word_1_115' title='bbox 530 1851 663 1915; x_wconf 87' lang='lat' dir='ltr'>pessum</span> <span class='ocrx_word' id='word_1_116' title='bbox 692 1830 781 1896; x_wconf 86' lang='lat' dir='ltr'>eliud</span> <span class='ocrx_word' id='word_1_117' title='bbox 810 1852 917 1916; x_wconf 83' lang='lat' dir='ltr'>agere.</span> <span class='ocrx_word' id='word_1_118' title='bbox 962 1831 1056 1897; x_wconf 81' lang='lat' dir='ltr'>Tunc</span> <span class='ocrx_word' id='word_1_119' title='bbox 1080 1833 1227 1898; x_wconf 82' lang='lat' dir='ltr'>infernus</span> <span class='ocrx_word' id='word_1_120' title='bbox 1250 1831 1393 1900; x_wconf 81' lang='lat' dir='ltr'>Satanae</span> <span class='ocrx_word' id='word_1_121' title='bbox 1415 1835 1463 1900; x_wconf 82' lang='lat' dir='ltr'>ita</span> 
     </span>
     <span class='ocr_line' id='line_1_14' title="bbox 265 1936 1463 2025; baseline 0.003 -23"><span class='ocrx_word' id='word_1_122' title='bbox 265 1936 452 2022; x_wconf 85' lang='lat' dir='ltr'>perintulit:</span> <span class='ocrx_word' id='word_1_123' title='bbox 483 1936 520 2004; x_wconf 86' lang='lat' dir='ltr'>Si</span> <span class='ocrx_word' id='word_1_124' title='bbox 547 1959 624 2022; x_wconf 90' lang='lat' dir='ltr'>ergo</span> <span class='ocrx_word' id='word_1_125' title='bbox 654 1936 743 2003; x_wconf 80' lang='lat' dir='ltr'>uliud</span> <span class='ocrx_word' id='word_1_126' title='bbox 772 1959 869 2022; x_wconf 81' lang='lat' dir='ltr'>ogere</span> <span class='ocrx_word' id='word_1_127' title='bbox 892 1960 959 2004; x_wconf 94' lang='lat' dir='ltr'>nen</span> <span class='ocrx_word' id='word_1_128' title='bbox 982 1945 1091 2023; x_wconf 88' lang='lat' dir='ltr'>potes,</span> <span class='ocrx_word' id='word_1_129' title='bbox 1118 1961 1194 2006; x_wconf 88' lang='lat' dir='ltr'>ecce</span> <span class='ocrx_word' id='word_1_130' title='bbox 1217 1941 1463 2025; x_wconf 82' lang='lat' dir='ltr'>appropinquet</span> 
     </span>
     <span class='ocr_line' id='line_1_15' title="bbox 266 2040 1462 2128; baseline 0.004 -23"><span class='ocrx_word' id='word_1_131' title='bbox 266 2047 323 2128; x_wconf 83' lang='lat' dir='ltr'>tue</span> <span class='ocrx_word' id='word_1_132' title='bbox 352 2041 505 2125; x_wconf 87' lang='lat' dir='ltr'>perditio.</span> <span class='ocrx_word' id='word_1_133' title='bbox 548 2042 623 2126; x_wconf 81' lang='lat' dir='ltr'>Ego</span> <span class='ocrx_word' id='word_1_134' title='bbox 647 2040 788 2126; x_wconf 89' lang='lat' dir='ltr'>denique</span> <span class='ocrx_word' id='word_1_135' title='bbox 816 2041 962 2107; x_wconf 85' lang='lat' dir='ltr'>deiectus</span> <span class='ocrx_word' id='word_1_136' title='bbox 990 2048 1024 2107; x_wconf 90' lang='lat' dir='ltr'>et</span> <span class='ocrx_word' id='word_1_137' title='bbox 1052 2043 1122 2109; x_wconf 91' lang='lat' dir='ltr'>sine</span> <span class='ocrx_word' id='word_1_138' title='bbox 1149 2044 1277 2110; x_wconf 90' lang='lat' dir='ltr'>honere</span> <span class='ocrx_word' id='word_1_139' title='bbox 1304 2045 1462 2110; x_wconf 83' lang='lat' dir='ltr'>manebo:</span> 
     </span>
     <span class='ocr_line' id='line_1_16' title="bbox 266 2145 1074 2213; baseline 0.001 -1"><span class='ocrx_word' id='word_1_140' title='bbox 266 2151 301 2212; x_wconf 94' lang='lat' dir='ltr'>tu</span> <span class='ocrx_word' id='word_1_141' title='bbox 325 2152 435 2212; x_wconf 84' lang='lat' dir='ltr'>temen</span> <span class='ocrx_word' id='word_1_142' title='bbox 460 2145 626 2212; x_wconf 82' lang='lat' dir='ltr'>cruciatus</span> <span class='ocrx_word' id='word_1_143' title='bbox 649 2145 708 2211; x_wconf 87' lang='lat' dir='ltr'>sub</span> <span class='ocrx_word' id='word_1_144' title='bbox 731 2166 805 2211; x_wconf 92' lang='lat' dir='ltr'>meo</span> <span class='ocrx_word' id='word_1_145' title='bbox 829 2145 895 2211; x_wconf 86' lang='lat' dir='ltr'>eris</span> <span class='ocrx_word' id='word_1_146' title='bbox 917 2145 1074 2213; x_wconf 89' lang='lat' dir='ltr'>dominio.</span> 
     </span>
    </p>
   </div>
   <div class='ocr_carea' id='block_1_3' title="bbox 689 2420 1036 2506">
    <p class='ocr_par' dir='ltr' id='par_1_4' title="bbox 689 2420 1036 2506">
     <span class='ocr_line' id='line_1_17' title="bbox 689 2420 1036 2506; baseline -0.003 -19"><span class='ocrx_word' id='word_1_147' title='bbox 689 2420 808 2488; x_wconf 73' lang='lat' dir='ltr'>Genus</span> <span class='ocrx_word' id='word_1_148' title='bbox 830 2420 906 2491; x_wconf 64' lang='lat' dir='ltr'>lv:</span> <span class='ocrx_word' id='word_1_149' title='bbox 930 2420 1036 2506; x_wconf 81' lang='lat' dir='ltr'>(XX)</span> 
     </span>
    </p>
   </div>
   <div class='ocr_carea' id='block_1_4' title="bbox 263 2592 1463 2782">
    <p class='ocr_par' dir='ltr' id='par_1_5' title="bbox 263 2592 1463 2782">
     <span class='ocr_line' id='line_1_18' title="bbox 352 2592 1463 2660; baseline 0 -2"><span class='ocrx_word' id='word_1_150' title='bbox 352 2593 572 2660; x_wconf 87' lang='lat' dir='ltr'>¹Audiebsnt</span> <span class='ocrx_word' id='word_1_151' title='bbox 607 2599 717 2660; x_wconf 82' lang='lat' dir='ltr'>nutem</span> <span class='ocrx_word' id='word_1_152' title='bbox 753 2594 859 2660; x_wconf 85' lang='lat' dir='ltr'>suncti</span> <span class='ocrx_word' id='word_1_153' title='bbox 890 2593 943 2659; x_wconf 91' lang='lat' dir='ltr'>dei</span> <span class='ocrx_word' id='word_1_154' title='bbox 975 2594 1220 2659; x_wconf 87' lang='lat' dir='ltr'>contentionem</span> <span class='ocrx_word' id='word_1_155' title='bbox 1253 2592 1395 2660; x_wconf 80' lang='lat' dir='ltr'>Satanae</span> <span class='ocrx_word' id='word_1_156' title='bbox 1429 2601 1463 2658; x_wconf 89' lang='lat' dir='ltr'>et</span> 
     </span>
     <span class='ocr_line' id='line_1_19' title="bbox 263 2697 1458 2782; baseline 0 -19"><span class='ocrx_word' id='word_1_157' title='bbox 263 2698 399 2779; x_wconf 80' lang='lat' dir='ltr'>insenni3</span> <span class='ocrx_word' id='word_1_158' title='bbox 422 2699 484 2782; x_wconf 91' lang='lat' dir='ltr'>ipsi</span> <span class='ocrx_word' id='word_1_159' title='bbox 509 2704 619 2762; x_wconf 83' lang='lat' dir='ltr'>tumen</span> <span class='ocrx_word' id='word_1_160' title='bbox 647 2697 754 2763; x_wconf 82' lang='lat' dir='ltr'>adhue</span> <span class='ocrx_word' id='word_1_161' title='bbox 782 2699 870 2763; x_wconf 77' lang='lat' dir='ltr'>intui</span> <span class='ocrx_word' id='word_1_162' title='bbox 897 2719 932 2764; x_wconf 88' lang='lat' dir='ltr'>so</span> <span class='ocrx_word' id='word_1_163' title='bbox 958 2697 1092 2762; x_wconf 90' lang='lat' dir='ltr'>minime</span> <span class='ocrx_word' id='word_1_164' title='bbox 1120 2717 1155 2760; x_wconf 87' lang='lat' dir='ltr'>se</span> <span class='ocrx_word' id='word_1_165' title='bbox 1182 2704 1458 2780; x_wconf 81' lang='lat' dir='ltr'>recognoscentes</span> 
     </span>
    </p>
   </div>
   <div class='ocr_carea' id='block_1_5' title="bbox 264 2799 1464 3282">
    <p class='ocr_par' dir='ltr' id='par_1_6' title="bbox 264 2799 1464 3282">
     <span class='ocr_line' id='line_1_20' title="bbox 264 2799 1462 2887; baseline 0.002 -21"><span class='ocrx_word' id='word_1_166' title='bbox 264 2802 479 2868; x_wconf 88' lang='lat' dir='ltr'>nihilominus</span> <span class='ocrx_word' id='word_1_167' title='bbox 517 2807 612 2867; x_wconf 87' lang='lat' dir='ltr'>erant</span> <span class='ocrx_word' id='word_1_168' title='bbox 648 2803 682 2866; x_wconf 93' lang='lat' dir='ltr'>in</span> <span class='ocrx_word' id='word_1_169' title='bbox 720 2803 919 2887; x_wconf 85' lang='lat' dir='ltr'>cognitione.</span> <span class='ocrx_word' id='word_1_170' title='bbox 963 2799 1028 2868; x_wconf 85' lang='lat' dir='ltr'>Sed</span> <span class='ocrx_word' id='word_1_171' title='bbox 1060 2805 1193 2866; x_wconf 81' lang='lat' dir='ltr'>sanctus</span> <span class='ocrx_word' id='word_1_172' title='bbox 1224 2807 1318 2883; x_wconf 82' lang='lat' dir='ltr'>peter</span> <span class='ocrx_word' id='word_1_173' title='bbox 1347 2808 1462 2868; x_wconf 85' lang='lat' dir='ltr'>noster</span> 
     </span>
     <span class='ocr_line' id='line_1_21' title="bbox 264 2902 1463 2990; baseline -0.001 -20"><span class='ocrx_word' id='word_1_174' title='bbox 264 2903 374 2971; x_wconf 83' lang='lat' dir='ltr'>Adam</span> <span class='ocrx_word' id='word_1_175' title='bbox 407 2904 454 2970; x_wconf 85' lang='lat' dir='ltr'>ite</span> <span class='ocrx_word' id='word_1_176' title='bbox 482 2902 625 2971; x_wconf 81' lang='lat' dir='ltr'>Setenee</span> <span class='ocrx_word' id='word_1_177' title='bbox 657 2903 830 2988; x_wconf 85' lang='lat' dir='ltr'>respondit</span> <span class='ocrx_word' id='word_1_178' title='bbox 860 2925 919 2988; x_wconf 86' lang='lat' dir='ltr'>per</span> <span class='ocrx_word' id='word_1_179' title='bbox 951 2904 1077 2970; x_wconf 79' lang='lat' dir='ltr'>omnio:</span> <span class='ocrx_word' id='word_1_180' title='bbox 1109 2903 1188 2969; x_wconf 87' lang='lat' dir='ltr'>Dux</span> <span class='ocrx_word' id='word_1_181' title='bbox 1219 2904 1351 2989; x_wconf 87' lang='lat' dir='ltr'>mortis,</span> <span class='ocrx_word' id='word_1_182' title='bbox 1382 2903 1463 2990; x_wconf 90' lang='lat' dir='ltr'>quid</span> 
     </span>
     <span class='ocr_line' id='line_1_22' title="bbox 265 3006 1464 3093; baseline 0.002 -21"><span class='ocrx_word' id='word_1_183' title='bbox 265 3006 424 3072; x_wconf 82' lang='lat' dir='ltr'>formides</span> <span class='ocrx_word' id='word_1_184' title='bbox 448 3013 481 3072; x_wconf 91' lang='lat' dir='ltr'>et</span> <span class='ocrx_word' id='word_1_185' title='bbox 503 3006 674 3092; x_wconf 75' lang='lat' dir='ltr'>trepidos?</span> <span class='ocrx_word' id='word_1_186' title='bbox 704 3007 872 3073; x_wconf 86' lang='lat' dir='ltr'>Dominus</span> <span class='ocrx_word' id='word_1_187' title='bbox 894 3028 970 3073; x_wconf 89' lang='lat' dir='ltr'>ecce</span> <span class='ocrx_word' id='word_1_188' title='bbox 988 3008 1080 3090; x_wconf 83' lang='lat' dir='ltr'>uenit</span> <span class='ocrx_word' id='word_1_189' title='bbox 1095 3008 1152 3091; x_wconf 91' lang='lat' dir='ltr'>qui</span> <span class='ocrx_word' id='word_1_190' title='bbox 1176 3007 1287 3073; x_wconf 84' lang='lat' dir='ltr'>omnio</span> <span class='ocrx_word' id='word_1_191' title='bbox 1308 3007 1464 3093; x_wconf 85' lang='lat' dir='ltr'>figmento</span> 
     </span>
     <span class='ocr_line' id='line_1_23' title="bbox 265 3110 1463 3195; baseline 0.002 -21"><span class='ocrx_word' id='word_1_192' title='bbox 265 3117 322 3176; x_wconf 87' lang='lat' dir='ltr'>tue</span> <span class='ocrx_word' id='word_1_193' title='bbox 352 3133 440 3176; x_wconf 92' lang='lat' dir='ltr'>nunc</span> <span class='ocrx_word' id='word_1_194' title='bbox 468 3110 627 3193; x_wconf 86' lang='lat' dir='ltr'>destruet,</span> <span class='ocrx_word' id='word_1_195' title='bbox 660 3118 693 3176; x_wconf 88' lang='lat' dir='ltr'>et</span> <span class='ocrx_word' id='word_1_196' title='bbox 724 3118 759 3176; x_wconf 90' lang='lat' dir='ltr'>tu</span> <span class='ocrx_word' id='word_1_197' title='bbox 789 3117 903 3194; x_wconf 84' lang='lat' dir='ltr'>ceptus</span> <span class='ocrx_word' id='word_1_198' title='bbox 931 3111 972 3177; x_wconf 82' lang='lat' dir='ltr'>ub</span> <span class='ocrx_word' id='word_1_199' title='bbox 1001 3133 1039 3177; x_wconf 91' lang='lat' dir='ltr'>ee</span> <span class='ocrx_word' id='word_1_200' title='bbox 1069 3110 1293 3195; x_wconf 79' lang='lat' dir='ltr'>religetusque</span> <span class='ocrx_word' id='word_1_201' title='bbox 1316 3111 1381 3177; x_wconf 90' lang='lat' dir='ltr'>eris</span> <span class='ocrx_word' id='word_1_202' title='bbox 1404 3135 1463 3195; x_wconf 89' lang='lat' dir='ltr'>per</span> 
     </span>
     <span class='ocr_line' id='line_1_24' title="bbox 266 3217 384 3282; baseline 0.008 -2"><span class='ocrx_word' id='word_1_203' title='bbox 266 3217 384 3282; x_wconf 83' lang='lat' dir='ltr'>seculo.</span> 
     </span>
    </p>
   </div>
   <div class='ocr_carea' id='block_1_6' title="bbox 269 3328 1464 3516">
    <p class='ocr_par' dir='ltr' id='par_1_7' title="bbox 269 3328 1464 3516">
     <span class='ocr_line' id='line_1_25' title="bbox 353 3328 1463 3413; baseline -0.001 -19"><span class='ocrx_word' id='word_1_204' title='bbox 353 3328 473 3394; x_wconf 75' lang='grc' dir='ltr'>2Τιιῐιο</span> <span class='ocrx_word' id='word_1_205' title='bbox 500 3350 613 3395; x_wconf 88' lang='lat' dir='ltr'>omnes</span> <span class='ocrx_word' id='word_1_206' title='bbox 638 3331 743 3394; x_wconf 83' lang='lat' dir='ltr'>saneti</span> <span class='ocrx_word' id='word_1_207' title='bbox 769 3329 939 3395; x_wconf 76' lang='lat' dir='ltr'>audientes</span> <span class='ocrx_word' id='word_1_208' title='bbox 964 3352 1075 3393; x_wconf 80' lang='lat' dir='ltr'>vocem</span> <span class='ocrx_word' id='word_1_209' title='bbox 1101 3330 1205 3413; x_wconf 83' lang='lat' dir='ltr'>putris</span> <span class='ocrx_word' id='word_1_210' title='bbox 1229 3331 1333 3395; x_wconf 84' lang='lat' dir='ltr'>nestri</span> <span class='ocrx_word' id='word_1_211' title='bbox 1358 3329 1463 3412; x_wconf 83' lang='lat' dir='ltr'>Adue,</span> 
     </span>
     <span class='ocr_line' id='line_1_26' title="bbox 269 3431 1464 3516; baseline 0 -20"><span class='ocrx_word' id='word_1_212' title='bbox 269 3455 367 3515; x_wconf 86' lang='lat' dir='ltr'>quom</span> <span class='ocrx_word' id='word_1_213' title='bbox 391 3437 581 3497; x_wconf 79' lang='lat' dir='ltr'>constanter</span> <span class='ocrx_word' id='word_1_214' title='bbox 604 3433 745 3500; x_wconf 84' lang='lat' dir='ltr'>Sutunue</span> <span class='ocrx_word' id='word_1_215' title='bbox 769 3432 941 3516; x_wconf 82' lang='lat' dir='ltr'>respondit</span> <span class='ocrx_word' id='word_1_216' title='bbox 963 3455 1022 3516; x_wconf 83' lang='lat' dir='ltr'>per</span> <span class='ocrx_word' id='word_1_217' title='bbox 1046 3434 1164 3514; x_wconf 83' lang='lat' dir='ltr'>omniu,</span> <span class='ocrx_word' id='word_1_218' title='bbox 1187 3433 1221 3497; x_wconf 94' lang='lat' dir='ltr'>in</span> <span class='ocrx_word' id='word_1_219' title='bbox 1244 3431 1363 3516; x_wconf 67' lang='lat' dir='ltr'>gestidio</span> <span class='ocrx_word' id='word_1_220' title='bbox 1388 3455 1464 3497; x_wconf 92' lang='lat' dir='ltr'>cen-</span> 
     </span>
    </p>
   </div>
   <div class='ocr_carea' id='block_1_7' title="bbox 267 3592 477 3600">
    <p class='ocr_par' dir='ltr' id='par_1_8' title="bbox 267 3592 477 3600">
     <span class='ocr_line' id='line_1_27' title="bbox 267 3592 477 3600; baseline -0.01 0"><span class='ocrx_word' id='word_1_221' title='bbox 267 3592 477 3600; x_wconf 47' lang='lat' dir='ltr'>*aon—-</span> 
     </span>
    </p>
   </div>
   <div class='ocr_carea' id='block_1_8' title="bbox 265 3691 1468 4702">
    <p class='ocr_par' dir='ltr' id='par_1_9' title="bbox 267 3691 1464 3929">
     <span class='ocr_line' id='line_1_28' title="bbox 267 3691 1462 3758; baseline 0.003 -15"><span class='ocrx_word' id='word_1_222' title='bbox 267 3695 429 3758; x_wconf 73' lang='lat' dir='ltr'>nequimime:</span> <span class='ocrx_word' id='word_1_223' title='bbox 454 3696 515 3758; x_wconf 66' lang='lat' dir='ltr'>quoia</span> <span class='ocrx_word' id='word_1_224' title='bbox 532 3709 591 3742; x_wconf 86' lang='lat' dir='ltr'>cum</span> <span class='ocrx_word' id='word_1_225' title='bbox 610 3707 625 3744; x_wconf 88' lang='lat' dir='ltr'>c</span> <span class='ocrx_word' id='word_1_226' title='bbox 644 3729 670 3743; x_wconf 90' lang='lat'>..</span> <span class='ocrx_word' id='word_1_227' title='bbox 689 3704 723 3744; x_wconf 74' lang='lat' dir='ltr'>us</span> <span class='ocrx_word' id='word_1_228' title='bbox 743 3708 784 3741; x_wconf 90' lang='lat' dir='ltr'>em</span> <span class='ocrx_word' id='word_1_229' title='bbox 808 3691 813 3755; x_wconf 85' lang='grc' dir='ltr'>Ι</span> <span class='ocrx_word' id='word_1_230' title='bbox 837 3697 861 3742; x_wconf 80' lang='lat' dir='ltr'>et</span> <span class='ocrx_word' id='word_1_231' title='bbox 879 3697 916 3742; x_wconf 76' lang='lat' dir='ltr'>est</span> <span class='ocrx_word' id='word_1_232' title='bbox 933 3695 1004 3743; x_wconf 70' lang='lat' dir='ltr'>hoino</span> <span class='ocrx_word' id='word_1_233' title='bbox 1022 3719 1032 3729; x_wconf 93' lang='lat'>·</span> <span class='ocrx_word' id='word_1_234' title='bbox 1050 3694 1116 3743; x_wconf 60' lang='lat' dir='ltr'>dixit</span> <span class='ocrx_word' id='word_1_235' title='bbox 1134 3709 1192 3743; x_wconf 89' lang='lat' dir='ltr'>cum</span> <span class='ocrx_word' id='word_1_236' title='bbox 1212 3707 1236 3753; x_wconf 87' lang='lat' dir='ltr'>c,</span> <span class='ocrx_word' id='word_1_237' title='bbox 1262 3694 1327 3744; x_wconf 83' lang='lat' dir='ltr'>item</span> <span class='ocrx_word' id='word_1_238' title='bbox 1345 3710 1362 3747; x_wconf 79' lang='lat' dir='ltr'>s</span> <span class='ocrx_word' id='word_1_239' title='bbox 1380 3699 1404 3743; x_wconf 84' lang='lat' dir='ltr'>et</span> <span class='ocrx_word' id='word_1_240' title='bbox 1421 3697 1462 3746; x_wconf 77' lang='lat' dir='ltr'>he.</span> 
     </span>
     <span class='ocr_line' id='line_1_29' title="bbox 267 3779 1464 3846; baseline -0.001 -15"><span class='ocrx_word' id='word_1_241' title='bbox 267 3789 304 3832; x_wconf 74' lang='lat' dir='ltr'>eet</span> <span class='ocrx_word' id='word_1_242' title='bbox 322 3785 395 3833; x_wconf 80' lang='lat' dir='ltr'>mort.</span> <span class='ocrx_word' id='word_1_243' title='bbox 415 3782 467 3830; x_wconf 72' lang='lat' dir='ltr'>tim.</span> <span class='ocrx_word' id='word_1_244' title='bbox 486 3785 511 3829; x_wconf 79' lang='lat' dir='ltr'>et</span> <span class='ocrx_word' id='word_1_245' title='bbox 528 3779 614 3829; x_wconf 70' lang='lat' dir='ltr'>ilicem</span> <span class='ocrx_word' id='word_1_246' title='bbox 634 3817 663 3830; x_wconf 90' lang='lat'>..</span> <span class='ocrx_word' id='word_1_247' title='bbox 684 3793 700 3831; x_wconf 80' lang='grc' dir='ltr'>Β</span> <span class='ocrx_word' id='word_1_248' title='bbox 719 3784 744 3829; x_wconf 82' lang='lat' dir='ltr'>et</span> <span class='ocrx_word' id='word_1_249' title='bbox 760 3782 801 3829; x_wconf 75' lang='lat' dir='ltr'>eu</span> <span class='ocrx_word' id='word_1_250' title='bbox 819 3782 907 3830; x_wconf 76' lang='lat' dir='ltr'>timens</span> <span class='ocrx_word' id='word_1_251' title='bbox 924 3785 999 3831; x_wconf 72' lang='lat' dir='ltr'>mort.</span> <span class='ocrx_word' id='word_1_252' title='bbox 1018 3781 1085 3831; x_wconf 73' lang='lat' dir='ltr'><strong><em>dixit</em></strong></span> <span class='ocrx_word' id='word_1_253' title='bbox 1100 3785 1136 3840; x_wconf 74' lang='lat' dir='ltr'>tn</span> <span class='ocrx_word' id='word_1_254' title='bbox 1155 3786 1179 3830; x_wconf 81' lang='lat' dir='ltr'>ei</span> <span class='ocrx_word' id='word_1_255' title='bbox 1198 3782 1254 3831; x_wconf 79' lang='lat' dir='ltr'>ideo</span> <span class='ocrx_word' id='word_1_256' title='bbox 1271 3798 1348 3846; x_wconf 71' lang='lat' dir='ltr'>esque</span> <span class='ocrx_word' id='word_1_257' title='bbox 1365 3783 1400 3831; x_wconf 81' lang='lat' dir='ltr'>ed</span> <span class='ocrx_word' id='word_1_258' title='bbox 1417 3784 1464 3832; x_wconf 78' lang='lat' dir='ltr'>too</span> 
     </span>
     <span class='ocr_line' id='line_1_30' title="bbox 268 3867 737 3929; baseline -0.004 -13"><span class='ocrx_word' id='word_1_259' title='bbox 268 3867 339 3916; x_wconf 82' lang='lat' dir='ltr'>illum</span> <span class='ocrx_word' id='word_1_260' title='bbox 355 3867 466 3929; x_wconf 70' lang='lat' dir='ltr'>perduxi</span> <span class='ocrx_word' id='word_1_261' title='bbox 484 3871 508 3915; x_wconf 81' lang='lat' dir='ltr'>et</span> <span class='ocrx_word' id='word_1_262' title='bbox 526 3868 576 3914; x_wconf 82' lang='lat' dir='ltr'>iam</span> <span class='ocrx_word' id='word_1_263' title='bbox 595 3868 666 3916; x_wconf 82' lang='lat' dir='ltr'>modo</span> <span class='ocrx_word' id='word_1_264' title='bbox 685 3876 737 3916; x_wconf 83' lang='lat' dir='ltr'>etc.</span> 
     </span>
    </p>

    <p class='ocr_par' dir='ltr' id='par_1_10' title="bbox 272 3952 1466 4272">
     <span class='ocr_line' id='line_1_31' title="bbox 352 3952 1466 4020; baseline 0.002 -19"><span class='ocrx_word' id='word_1_265' title='bbox 352 3957 377 4004; x_wconf 82' lang='grc'>3.</span> <span class='ocrx_word' id='word_1_266' title='bbox 415 3952 494 4003; x_wconf 66' lang='grc' dir='ltr'>(ΞΗ</span> <span class='ocrx_word' id='word_1_267' title='bbox 519 3953 564 4012; x_wconf 86' lang='lat' dir='ltr'>lv,</span> <span class='ocrx_word' id='word_1_268' title='bbox 583 3957 607 4002; x_wconf 81' lang='grc'>3.</span> <span class='ocrx_word' id='word_1_269' title='bbox 637 3955 753 4020; x_wconf 67' lang='lat' dir='ltr'>issemus</span> <span class='ocrx_word' id='word_1_270' title='bbox 772 3989 801 4003; x_wconf 87' lang='lat'>..</span> <span class='ocrx_word' id='word_1_271' title='bbox 828 3955 966 4018; x_wconf 77' lang='lat' dir='ltr'>cinfcrus.</span> <span class='ocrx_word' id='word_1_272' title='bbox 1003 3954 1071 4003; x_wconf 87' lang='lat' dir='ltr'>Item</span> <span class='ocrx_word' id='word_1_273' title='bbox 1091 3955 1165 4003; x_wconf 85' lang='lat' dir='ltr'>olibi.</span> <span class='ocrx_word' id='word_1_274' title='bbox 1187 3953 1192 4015; x_wconf 92' lang='grc'>1</span> <span class='ocrx_word' id='word_1_275' title='bbox 1214 3954 1244 4002; x_wconf 76' lang='lat' dir='ltr'>Si</span> <span class='ocrx_word' id='word_1_276' title='bbox 1262 3955 1315 4016; x_wconf 75' lang='lat' dir='ltr'>ipse</span> <span class='ocrx_word' id='word_1_277' title='bbox 1332 3958 1369 4003; x_wconf 78' lang='lat' dir='ltr'>est</span> <span class='ocrx_word' id='word_1_278' title='bbox 1387 3980 1396 3989; x_wconf 96' lang='lat'><em>-</em></span> <span class='ocrx_word' id='word_1_279' title='bbox 1416 3972 1466 4004; x_wconf 77' lang='lat' dir='ltr'>nou</span> 
     </span>
     <span class='ocr_line' id='line_1_32' title="bbox 272 4036 1464 4102; baseline 0.001 -15"><span class='ocrx_word' id='word_1_280' title='bbox 272 4038 336 4100; x_wconf 81' lang='lat' dir='ltr'>(odd</span> <span class='ocrx_word' id='word_1_281' title='bbox 355 4036 409 4100; x_wconf 83' lang='lat' dir='ltr'>em)</span> <span class='ocrx_word' id='word_1_282' title='bbox 428 4039 498 4086; x_wconf 78' lang='lat' dir='ltr'>teme</span> <span class='ocrx_word' id='word_1_283' title='bbox 517 4042 554 4086; x_wconf 76' lang='lat' dir='ltr'>est</span> <span class='ocrx_word' id='word_1_284' title='bbox 571 4064 581 4074; x_wconf 94' lang='lat'><em>·</em></span> <span class='ocrx_word' id='word_1_285' title='bbox 599 4039 744 4088; x_wconf 71' lang='lat' dir='ltr'>maiestate:</span> <span class='ocrx_word' id='word_1_286' title='bbox 763 4040 801 4088; x_wconf 78' lang='lat' dir='ltr'>ite</span> <span class='ocrx_word' id='word_1_287' title='bbox 821 4055 851 4098; x_wconf 75' lang='lat' dir='ltr'>n;</span> <span class='ocrx_word' id='word_1_288' title='bbox 872 4040 963 4102; x_wconf 72' lang='lat' dir='ltr'>poncio</span> <span class='ocrx_word' id='word_1_289' title='bbox 981 4039 1110 4088; x_wconf 80' lang='lat' dir='ltr'>ditt&#39;eruut</span> <span class='ocrx_word' id='word_1_290' title='bbox 1127 4051 1169 4089; x_wconf 80' lang='lat' dir='ltr'>uc.</span> <span class='ocrx_word' id='word_1_291' title='bbox 1192 4039 1197 4096; x_wconf 92' lang='grc' dir='ltr'>Ι</span> <span class='ocrx_word' id='word_1_292' title='bbox 1218 4039 1310 4100; x_wconf 73' lang='lat' dir='ltr'>pendet</span> <span class='ocrx_word' id='word_1_293' title='bbox 1328 4053 1384 4086; x_wconf 90' lang='lat' dir='ltr'>cnm</span> <span class='ocrx_word' id='word_1_294' title='bbox 1405 4052 1464 4088; x_wconf 83' lang='lat' dir='ltr'>e..</span> 
     </span>
     <span class='ocr_line' id='line_1_33' title="bbox 273 4124 1466 4190; baseline -0.002 -14"><span class='ocrx_word' id='word_1_295' title='bbox 273 4138 306 4176; x_wconf 74' lang='lat' dir='ltr'>Ac</span> <span class='ocrx_word' id='word_1_296' title='bbox 323 4125 435 4188; x_wconf 71' lang='lat' dir='ltr'>pendens</span> <span class='ocrx_word' id='word_1_297' title='bbox 458 4128 462 4185; x_wconf 75' lang='grc'>1</span> <span class='ocrx_word' id='word_1_298' title='bbox 482 4126 622 4187; x_wconf 58' lang='lat' dir='ltr'>penatum</span> <span class='ocrx_word' id='word_1_299' title='bbox 641 4142 698 4174; x_wconf 89' lang='lat' dir='ltr'>enm</span> <span class='ocrx_word' id='word_1_300' title='bbox 718 4141 742 4183; x_wconf 76' lang='lat' dir='ltr'>c,</span> <span class='ocrx_word' id='word_1_301' title='bbox 761 4126 903 4190; x_wconf 72' lang='lat' dir='ltr'>Apertulet</span> <span class='ocrx_word' id='word_1_302' title='bbox 923 4161 950 4174; x_wconf 92' lang='lat'>..</span> <span class='ocrx_word' id='word_1_303' title='bbox 971 4138 988 4174; x_wconf 80' lang='lat' dir='ltr'>e</span> <span class='ocrx_word' id='word_1_304' title='bbox 1006 4127 1073 4174; x_wconf 68' lang='lat' dir='ltr'>dicit</span> <span class='ocrx_word' id='word_1_305' title='bbox 1096 4124 1101 4186; x_wconf 84' lang='grc' dir='ltr'>Ι</span> <span class='ocrx_word' id='word_1_306' title='bbox 1125 4126 1287 4188; x_wconf 73' lang='lat' dir='ltr'>uproiectes</span> <span class='ocrx_word' id='word_1_307' title='bbox 1310 4126 1315 4185; x_wconf 90' lang='grc' dir='ltr'>Ι</span> <span class='ocrx_word' id='word_1_308' title='bbox 1339 4129 1365 4173; x_wconf 72' lang='lat' dir='ltr'>tn</span> <span class='ocrx_word' id='word_1_309' title='bbox 1383 4128 1466 4174; x_wconf 70' lang='lat' dir='ltr'>tamen</span> 
     </span>
     <span class='ocr_line' id='line_1_34' title="bbox 274 4207 1364 4272; baseline -0.004 -12"><span class='ocrx_word' id='word_1_310' title='bbox 274 4209 301 4270; x_wconf 86' lang='lat' dir='ltr'>(c</span> <span class='ocrx_word' id='word_1_311' title='bbox 319 4207 426 4272; x_wconf 73' lang='lat' dir='ltr'>smper)</span> <span class='ocrx_word' id='word_1_312' title='bbox 445 4234 454 4243; x_wconf 95' lang='lat'><em>·</em></span> <span class='ocrx_word' id='word_1_313' title='bbox 472 4208 582 4257; x_wconf 79' lang='lat' dir='ltr'>dominio</span> <span class='ocrx_word' id='word_1_314' title='bbox 600 4224 657 4258; x_wconf 88' lang='lat' dir='ltr'>cum</span> <span class='ocrx_word' id='word_1_315' title='bbox 677 4222 710 4259; x_wconf 84' lang='lat' dir='ltr'>Bc</span> <span class='ocrx_word' id='word_1_316' title='bbox 730 4244 760 4258; x_wconf 88' lang='lat'>..</span> <span class='ocrx_word' id='word_1_317' title='bbox 781 4226 795 4259; x_wconf 78' lang='lat' dir='ltr'>s</span> <span class='ocrx_word' id='word_1_318' title='bbox 815 4214 890 4272; x_wconf 78' lang='lat' dir='ltr'>tuque</span> <span class='ocrx_word' id='word_1_319' title='bbox 907 4209 952 4258; x_wconf 76' lang='lat' dir='ltr'>cub</span> <span class='ocrx_word' id='word_1_320' title='bbox 969 4226 1022 4256; x_wconf 80' lang='lat' dir='ltr'>meo</span> <span class='ocrx_word' id='word_1_321' title='bbox 1041 4209 1211 4257; x_wconf 57' lang='lat' dir='ltr'>dominabere}</span> <span class='ocrx_word' id='word_1_322' title='bbox 1227 4209 1364 4257; x_wconf 53' lang='lat' dir='ltr'>eruciatus</span> 
     </span>
    </p>

    <p class='ocr_par' dir='ltr' id='par_1_11' title="bbox 268 4291 1468 4527">
     <span class='ocr_line' id='line_1_35' title="bbox 360 4291 1467 4357; baseline 0.001 -18"><span class='ocrx_word' id='word_1_323' title='bbox 360 4292 405 4349; x_wconf 85' lang='lat' dir='ltr'>IV,</span> <span class='ocrx_word' id='word_1_324' title='bbox 426 4293 449 4342; x_wconf 92' lang='lat'>1.</span> <span class='ocrx_word' id='word_1_325' title='bbox 478 4305 493 4342; x_wconf 87' lang='lat' dir='ltr'>c</span> <span class='ocrx_word' id='word_1_326' title='bbox 512 4294 681 4342; x_wconf 73' lang='lat' dir='ltr'>contentiones</span> <span class='ocrx_word' id='word_1_327' title='bbox 696 4294 700 4357; x_wconf 92' lang='grc' dir='ltr'>Ι</span> <span class='ocrx_word' id='word_1_328' title='bbox 715 4295 815 4342; x_wconf 75' lang='lat' dir='ltr'>minime</span> <span class='ocrx_word' id='word_1_329' title='bbox 833 4309 872 4340; x_wconf 75' lang='lat' dir='ltr'>se.-</span> <span class='ocrx_word' id='word_1_330' title='bbox 891 4293 950 4340; x_wconf 85' lang='lat' dir='ltr'>cdd.</span> <span class='ocrx_word' id='word_1_331' title='bbox 964 4309 1005 4340; x_wconf 91' lang='lat' dir='ltr'>om</span> <span class='ocrx_word' id='word_1_332' title='bbox 1024 4310 1049 4340; x_wconf 73' lang='lat' dir='ltr'>se</span> <span class='ocrx_word' id='word_1_333' title='bbox 1064 4292 1069 4355; x_wconf 86' lang='grc'>1</span> <span class='ocrx_word' id='word_1_334' title='bbox 1085 4294 1111 4341; x_wconf 79' lang='lat' dir='ltr'>in</span> <span class='ocrx_word' id='word_1_335' title='bbox 1131 4293 1284 4355; x_wconf 58' lang='lat' dir='ltr'>counitione:</span> <span class='ocrx_word' id='word_1_336' title='bbox 1302 4291 1363 4341; x_wconf 85' lang='lat' dir='ltr'>cdd.</span> <span class='ocrx_word' id='word_1_337' title='bbox 1374 4306 1467 4341; x_wconf 73' lang='lat' dir='ltr'>omnes</span> 
     </span>
     <span class='ocr_line' id='line_1_36' title="bbox 275 4374 1468 4440; baseline -0.002 -13"><span class='ocrx_word' id='word_1_338' title='bbox 275 4384 329 4427; x_wconf 76' lang='lat' dir='ltr'>tres</span> <span class='ocrx_word' id='word_1_339' title='bbox 349 4377 446 4425; x_wconf 81' lang='lat' dir='ltr'>hebere</span> <span class='ocrx_word' id='word_1_340' title='bbox 466 4376 592 4427; x_wconf 83' lang='lat' dir='ltr'>videntur</span> <span class='ocrx_word' id='word_1_341' title='bbox 609 4377 759 4440; x_wconf 60' lang='lat' dir='ltr'>decoquat}</span> <span class='ocrx_word' id='word_1_342' title='bbox 782 4378 832 4425; x_wconf 80' lang='lat' dir='ltr'>Sed</span> <span class='ocrx_word' id='word_1_343' title='bbox 852 4414 859 4426; x_wconf 91' lang='lat'>.</span> <span class='ocrx_word' id='word_1_344' title='bbox 877 4413 883 4425; x_wconf 89' lang='lat'><strong>.</strong></span> <span class='ocrx_word' id='word_1_345' title='bbox 904 4392 919 4427; x_wconf 87' lang='lat' dir='ltr'>c</span> <span class='ocrx_word' id='word_1_346' title='bbox 940 4378 1048 4426; x_wconf 73' lang='lat' dir='ltr'>Tandem</span> <span class='ocrx_word' id='word_1_347' title='bbox 1064 4376 1068 4439; x_wconf 88' lang='grc' dir='ltr'>Ι</span> <span class='ocrx_word' id='word_1_348' title='bbox 1084 4379 1150 4426; x_wconf 68' lang='lat' dir='ltr'>euicit</span> <span class='ocrx_word' id='word_1_349' title='bbox 1169 4412 1199 4426; x_wconf 89' lang='lat'>..</span> <span class='ocrx_word' id='word_1_350' title='bbox 1219 4389 1235 4425; x_wconf 77' lang='lat' dir='ltr'>e</span> <span class='ocrx_word' id='word_1_351' title='bbox 1254 4377 1368 4424; x_wconf 61' lang='lat' dir='ltr'>moenie</span> <span class='ocrx_word' id='word_1_352' title='bbox 1382 4374 1388 4440; x_wconf 90' lang='grc' dir='ltr'>Ι</span> <span class='ocrx_word' id='word_1_353' title='bbox 1403 4393 1468 4425; x_wconf 73' lang='lat' dir='ltr'>neoc</span> 
     </span>
     <span class='ocr_line' id='line_1_37' title="bbox 268 4460 866 4527; baseline -0.007 -13"><span class='ocrx_word' id='word_1_354' title='bbox 268 4498 298 4513; x_wconf 87' lang='lat'>..</span> <span class='ocrx_word' id='word_1_355' title='bbox 319 4478 336 4514; x_wconf 73' lang='lat' dir='ltr'>u</span> <span class='ocrx_word' id='word_1_356' title='bbox 354 4479 396 4512; x_wconf 93' lang='lat' dir='ltr'>om</span> <span class='ocrx_word' id='word_1_357' title='bbox 412 4460 449 4525; x_wconf 76' lang='lat' dir='ltr'>le</span> <span class='ocrx_word' id='word_1_358' title='bbox 468 4478 509 4511; x_wconf 93' lang='lat' dir='ltr'>om</span> <span class='ocrx_word' id='word_1_359' title='bbox 529 4467 553 4511; x_wconf 78' lang='lat' dir='ltr'>et</span> <span class='ocrx_word' id='word_1_360' title='bbox 572 4468 599 4511; x_wconf 80' lang='lat' dir='ltr'>te</span> <span class='ocrx_word' id='word_1_361' title='bbox 618 4468 715 4527; x_wconf 74' lang='lat' dir='ltr'>coptus,</span> <span class='ocrx_word' id='word_1_362' title='bbox 736 4465 799 4514; x_wconf 87' lang='lat' dir='ltr'>item</span> <span class='ocrx_word' id='word_1_363' title='bbox 820 4480 866 4527; x_wconf 74' lang='lat' dir='ltr'>que</span> 
     </span>
    </p>

    <p class='ocr_par' dir='ltr' id='par_1_12' title="bbox 265 4546 1467 4702">
     <span class='ocr_line' id='line_1_38' title="bbox 356 4546 1467 4614; baseline -0.001 -16"><span class='ocrx_word' id='word_1_364' title='bbox 356 4553 379 4598; x_wconf 79' lang='lat'>2.</span> <span class='ocrx_word' id='word_1_365' title='bbox 417 4547 456 4598; x_wconf 86' lang='lat' dir='ltr'>cf.</span> <span class='ocrx_word' id='word_1_366' title='bbox 475 4546 499 4598; x_wconf 84' lang='lat' dir='ltr'><strong>A</strong></span> <span class='ocrx_word' id='word_1_367' title='bbox 518 4549 568 4597; x_wconf 92' lang='lat'><em>111.</em></span> <span class='ocrx_word' id='word_1_368' title='bbox 600 4566 673 4614; x_wconf 74' lang='lat' dir='ltr'>quem</span> <span class='ocrx_word' id='word_1_369' title='bbox 692 4554 769 4600; x_wconf 75' lang='lat' dir='ltr'>const.</span> <span class='ocrx_word' id='word_1_370' title='bbox 788 4576 798 4586; x_wconf 92' lang='lat'><strong>·</strong></span> <span class='ocrx_word' id='word_1_371' title='bbox 817 4566 865 4614; x_wconf 77' lang='lat' dir='ltr'>per</span> <span class='ocrx_word' id='word_1_372' title='bbox 884 4551 968 4599; x_wconf 71' lang='lat' dir='ltr'>cesinia</span> <span class='ocrx_word' id='word_1_373' title='bbox 987 4566 1045 4598; x_wconf 88' lang='lat' dir='ltr'>eum</span> <span class='ocrx_word' id='word_1_374' title='bbox 1065 4562 1098 4599; x_wconf 76' lang='lat' dir='ltr'>lu·</span> <span class='ocrx_word' id='word_1_375' title='bbox 1117 4585 1142 4599; x_wconf 92' lang='lat'>..</span> <span class='ocrx_word' id='word_1_376' title='bbox 1162 4566 1178 4600; x_wconf 80' lang='grc' dir='ltr'><strong>Α</strong></span> <span class='ocrx_word' id='word_1_377' title='bbox 1197 4553 1276 4598; x_wconf 72' lang='lat' dir='ltr'>const.</span> <span class='ocrx_word' id='word_1_378' title='bbox 1297 4550 1411 4598; x_wconf 78' lang='lat' dir='ltr'>Satanae</span> <span class='ocrx_word' id='word_1_379' title='bbox 1429 4565 1467 4598; x_wconf 78' lang='lat' dir='ltr'>re-</span> 
     </span>
     <span class='ocr_line' id='line_1_39' title="bbox 265 4637 1466 4702; baseline 0 -15"><span class='ocrx_word' id='word_1_380' title='bbox 265 4638 400 4702; x_wconf 78' lang='lat' dir='ltr'>pondentis</span> <span class='ocrx_word' id='word_1_381' title='bbox 415 4638 420 4701; x_wconf 83' lang='grc' dir='ltr'>Ι</span> <span class='ocrx_word' id='word_1_382' title='bbox 436 4644 660 4702; x_wconf 62' lang='lat' dir='ltr'>commentaque</span> <span class='ocrx_word' id='word_1_383' title='bbox 680 4669 688 4678; x_wconf 94' lang='lat'>-</span> <span class='ocrx_word' id='word_1_384' title='bbox 707 4638 853 4702; x_wconf 68' lang='lat' dir='ltr'>eouylotati</span> <span class='ocrx_word' id='word_1_385' title='bbox 873 4637 900 4698; x_wconf 89' lang='lat' dir='ltr'>(c</span> <span class='ocrx_word' id='word_1_386' title='bbox 918 4637 970 4686; x_wconf 84' lang='lat' dir='ltr'>edd</span> <span class='ocrx_word' id='word_1_387' title='bbox 986 4653 1068 4702; x_wconf 80' lang='lat' dir='ltr'>prope</span> <span class='ocrx_word' id='word_1_388' title='bbox 1089 4638 1154 4699; x_wconf 68' lang='lat' dir='ltr'>euve)</span> <span class='ocrx_word' id='word_1_389' title='bbox 1173 4653 1231 4687; x_wconf 83' lang='lat' dir='ltr'>cum</span> <span class='ocrx_word' id='word_1_390' title='bbox 1244 4649 1269 4696; x_wconf 79' lang='lat' dir='ltr'>s,</span> <span class='ocrx_word' id='word_1_391' title='bbox 1289 4639 1353 4686; x_wconf 86' lang='lat' dir='ltr'>item</span> <span class='ocrx_word' id='word_1_392' title='bbox 1373 4649 1409 4687; x_wconf 82' lang='lat' dir='ltr'>c.</span> <span class='ocrx_word' id='word_1_393' title='bbox 1426 4651 1466 4687; x_wconf 77' lang='grc' dir='ltr'>,Δ</span> 
     </span>
    </p>
   </div>
   <div class='ocr_carea' id='block_1_9' title="bbox 0 0 1744 5640">
    <p class='ocr_par' dir='ltr' id='par_1_13' title="bbox 0 0 1744 5640">
     <span class='ocr_line' id='line_1_40' title="bbox 0 0 1744 5640; baseline 0 0"><span class='ocrx_word' id='word_1_394' title='bbox 0 0 1744 5640; x_wconf 95' lang='lat' dir='ltr'> </span> 
     </span>
    </p>
   </div>
  </div>
 </body>
</html>
