3458 5640
263 588 371 634 uxxvr
728 545 1000 624 rnonnconrsa.

171 723 178 738 ⁸
305 728 343 783 n·
370 719 391 785 i.
406 739 433 784 e.
457 739 554 801 quem
583 725 715 785 secutus
741 725 791 786 est
819 740 891 784 cum
919 719 994 785 aliis
1021 719 1205 785 Fabricius.
1248 716 1335 786 Vide
1359 727 1397 782 n·
1418 716 1461 783 ad

372 828 465 898 Gest.
486 831 549 896 Pil.

306 942 344 1005 1)b
370 943 391 1006 i.
407 962 434 1007 e.
457 943 528 1007 cod.
544 941 775 1007 Einsidlensis.
808 940 895 1010 Vide
917 927 955 1006 ob
977 942 1020 1007 ad
1043 939 1135 1008 Gest.
1156 940 1218 1005 Pii
1255 941 1340 1006 Post
1361 939 1459 1005 finem

372 1053 491 1135 capitis
508 1051 573 1118 XI.
596 1058 627 1116 io
649 1055 733 1118 codd.
751 1058 905 1138 praetorii
924 1058 973 1117 eui
988 1054 1112 1139 publici,
1136 1053 1255 1118 omisso
1278 1072 1347 1135 cap.
1362 1050 1461 1134 XII,

372 1165 482 1230 statim
504 1164 626 1249 legitur
649 1164 792 1248 e'pistola
813 1163 915 1231 Pilati
937 1165 957 1230 i.
973 1187 1000 1231 e.
1023 1171 1123 1249 caput
1144 1170 1292 1245 nostrum
1314 1161 1418 1230 XIII

311 1279 347 1340 1³⁰
370 1276 391 1341 i.
413 1297 440 1341 e.
463 1276 532 1341 cod
554 1275 631 1342 bibl
653 1276 758 1359 princ.
780 1273 921 1343 Gorsini.
965 1276 1052 1345 Vide
1075 1282 1111 1341 o⁰
1132 1277 1176 1341 ad
1198 1276 1289 1344 Gest.
1311 1274 1373 1340 Pil.
1418 1274 1460 1339 In

272 1411 279 1449 :
370 1384 435 1452 fine
457 1385 535 1452 libri
555 1387 683 1470 pariter
705 1406 744 1452 ac
764 1388 803 1451 1)b
819 1388 939 1453 omisso
963 1389 1072 1471 capite
1088 1386 1175 1452 XII.
1197 1385 1344 1451 additam
1358 1385 1461 1451 habet

370 1496 472 1562 Pilati
495 1497 678 1578 epistolam.

264 1619 345 1669 ambr
372 1608 392 1672 i.
413 1629 440 1672 e.
462 1605 641 1672 Mediolan.
663 1604 820 1672 Ambros.
844 1603 873 1671 Ο
897 1608 947 1670 35.
970 1627 1053 1673 saec.
1076 1605 1144 1671 fere
1167 1604 1267 1674 XIV.
1309 1603 1394 1674 Vide
1417 1604 1460 1669 ad

372 1717 465 1786 Gest.
481 1717 544 1784 Pil.
567 1717 813 1801 Exscripsimus
828 1717 894 1784 tria
908 1717 1025 1784 ultima
1041 1719 1151 1803 capita
1165 1716 1243 1804 (XI.
1249 1715 1456 1800 XILXHL)

371 1853 437 1897 una
458 1852 531 1898 oum
552 1835 646 1915 parte
669 1830 789 1914 capitis
803 1829 849 1897 X.
871 1829 947 1898 inde
960 1843 983 1898 'a
997 1831 1106 1899 verbis
1121 1832 1302 1898 Benedictus
1316 1835 1369 1918 qai
1382 1834 1462 1895 venit

372 1949 404 2010 in
425 1949 543 2010 nomiae
564 1946 686 2009 domiai.

350 2056 489 2124 Praeter
515 2055 663 2140 reliquos
689 2061 790 2123 testes
818 2057 884 2122 iam
912 2055 955 2121 ad
978 2054 1071 2123 Gest
1099 2056 1156 2122 Pil.
1184 2057 1360 2138 indicatos,
1391 2057 1411 2119 i.
1434 2075 1460 2118 e.

264 2182 348 2248 Hern-
369 2181 422 2231 nei
446 2180 508 2232 ede*
530 2168 638 2253 mpod,
674 2169 797 2251 passim
825 2168 926 2234 etiam
954 2169 1123 2234 consulere
1151 2167 1277 2251 placuit
1304 2179 1366 2231 etv*
1389 2193 1462 2243 germ

263 2281 285 2346 i.
296 2304 323 2346 e.
339 2279 518 2345 editionem
533 2281 753 2362 germanicam
769 2299 906 2363 eamque
922 2283 960 2343 ut
974 2279 1103 2343 videtur
1118 2280 1309 2362 principem.
1333 2277 1462 2344 Eadem

263 2390 361 2457 laude
385 2396 538 2457 ornatam
561 2395 797 2456 commemorat
817 2389 914 2456 Thilo
936 2411 967 2474 p.
984 2388 1091 2457 OLII.
1113 2391 1220 2474 primo
1242 2389 1324 2455 loco.
1359 2388 1461 2473 Apud

262 2503 347 2570 Lud.
370 2502 465 2568 Hain
496 2506 630 2568 notatur
660 2507 737 2567 tom.
759 2501 807 2566 Π.
838 2507 933 2585 parte
956 2501 984 2568 I.
1014 2523 1088 2595 pag.
1111 2504 1183 2567 487.
1226 2500 1359 2566 Prodiit
1390 2500 1461 2565 sine

266 2614 365 2682 dubio
393 2613 524 2681 saeculo
547 2613 664 2696 quinto
688 2612 823 2679 decimo.
867 2612 1000 2679 Titulus
1022 2619 1086 2679 est:
1116 2611 1338 2696 Euangelium
1360 2610 1461 2677 Nico·

266 2727 367 2808 demi,
398 2726 472 2792 auis
495 2724 570 2790 dem
592 2724 693 2789 latein
715 2725 750 2788 in
773 2723 831 2789 das
854 2724 986 2789 teutsch
1013 2723 1187 2807 gebracht,
1217 2723 1259 2788 In
1281 2722 1461 2788 wbllichem

265 2837 310 2902 vil
331 2837 498 2919 hipscher
518 2833 681 2918 punkten,
710 2832 762 2899 die
785 2833 838 2899 die
862 2833 988 2899 andern
1010 2833 1246 2917 Evangelisten
1273 2835 1324 2899 nit
1351 2839 1461 2898 setzen

266 2947 426 3032 hegriffen
448 2946 578 3011 werden
602 2944 700 3029 (doch
718 2946 797 3028 jnen
821 2946 871 3009 nit
894 2944 1005 3031 wider)
1033 2945 1101 3011 fast
1128 2945 1272 3011 nutzlich
1299 2967 1339 3009 zu
1360 2945 1462 3011 lesen.

264 3059 337 3128 Foi
356 3064 382 3125 1.
404 3058 575 3141 inscriptio
597 3056 681 3122 haec
702 3056 822 3142 legitur
843 3056 887 3122 In
905 3055 978 3122 dem
994 3056 1124 3122 Namen
1144 3056 1201 3122 des
1216 3056 1359 3140 Horren,
1381 3057 1462 3122 hebt

265 3174 336 3240 sich
354 3193 407 3257 an,
429 3170 487 3236 das
502 3169 670 3253 Euangeli
692 3169 771 3254 (sic),
794 3168 851 3234 das
874 3168 1070 3235 beschriben
1092 3169 1150 3234 hat
1172 3167 1384 3253 Nicodemus,
1406 3169 1463 3234 ain

265 3284 377 3353 Rabbi
398 3284 466 3350 und
487 3284 543 3348 ain
564 3281 667 3347 Pbrst
688 3280 746 3347 der
768 3281 793 3347 J
795 3281 890 3365 uden,
913 3281 980 3346 und
1003 3283 1087 3348 auch
1110 3283 1164 3347 ain
1187 3279 1317 3365 Junger
1337 3280 1462 3347 Christi

265 3398 359 3464 Jesu
404 3395 597 3481 Sequuntur
627 3393 741 3460 eadem
773 3394 894 3478 pagina
924 3415 1037 3460 versus
1069 3395 1120 3460 28.
1163 3393 1260 3459 Folio
1288 3397 1338 3459 20.
1370 3400 1460 3459 recto

267 3511 394 3592 finitur,
425 3509 483 3574 ubi
510 3513 586 3592 post
614 3507 714 3581 verba
745 3506 811 3571 und
839 3505 902 3572 den
929 3513 1039 3572 ersten
1067 3506 1244 3572 menschen
1270 3508 1327 3572 ain
1353 3512 1462 3571 vatter

266 3622 348 3689 aller
378 3620 569 3702 menschen,
599 3618 717 3684 Adam.
744 3604 841 3684 versu
865 3621 915 3684 21.
944 3624 994 3684 est
1014 3618 1085 3683 Ain
1113 3618 1177 3684 end
1205 3617 1262 3684 des
1292 3619 1461 3703 Euangeli

264 3733 448 3801 Nicodemi.
492 3731 612 3798 Altera
639 3730 740 3798 editio
766 3751 852 3816 quae
880 3736 914 3798 ct
941 3731 1014 3815 ipsa
1044 3731 1124 3796 mihi
1155 3730 1188 3796 in
1220 3731 1371 3797 manibus
1403 3736 1463 3816 est,

265 3848 422 3915 foliorum
444 3847 482 3912 31
507 3846 542 3912 in
565 3848 593 3911 8.
615 3845 743 3911 minori.
771 3866 836 3911 non
864 3843 967 3911 multo
997 3845 1159 3911 recentior
1182 3852 1232 3911 est
1254 3845 1404 3930 principe
1427 3850 1461 3911 et

266 3983 340 4029 oum
362 3961 436 4042 ista,
453 3942 605 4042 'exceptis
628 3958 903 4043 orthographicis,
925 3957 994 4023 fere
1016 3978 1150 4041 prorsus
1174 3959 1345 4023 consentit.

351 4070 408 4137 Ad
430 4069 556 4135 Pilati
579 4070 808 4152 epistolam,
837 4089 936 4152 quam
959 4089 998 4133 ex
1021 4068 1219 4133 auctoritate
1239 4069 1383 4150 plurium
1406 4089 1460 4134 co·

266 4182 374 4249 dicum
397 4202 471 4246 cum
493 4178 633 4245 Thilone
656 4178 865 4244 adiunximus
888 4177 931 4242 ad
952 4177 1109 4242 Descens.
1129 4176 1205 4243 chr.
1228 4177 1270 4242 ad
1291 4177 1386 4243 infer.
1408 4199 1460 4243 ca·

265 4293 333 4375 pite
360 4289 466 4355 XIII.
497 4292 621 4372 (evang.
649 4286 766 4354 Nicod.
794 4287 964 4371 XXIX),
996 4287 1192 4352 contulimus
1223 4287 1325 4353 etiam
1356 4293 1458 4354 testes

256 4402 364 4466 *hosce
376 4402 412 4484 1).

350 4575 373 4641 ¹)
393 4574 599 4641 Cormptieeime
618 4575 683 4627 hece
702 4577 817 4641 epistole
830 4576 912 4626 etiem
926 4575 999 4626 edite
1013 4576 1096 4625 estin
1111 4572 1150 4624 St.
1160 4574 1264 4624 Beicsii
1276 4574 1458 4626 miscellaneis

265 4662 307 4715 ed.
320 4662 408 4714 Menai
421 4659 467 4711 IV.
487 4678 512 4728 p.
525 4662 567 4714 57.
602 4661 691 4728 Nuper
708 4662 807 4726 accipet
825 4662 891 4727 quod
908 4661 962 4727 ipee
975 4660 1127 4724 praerato
1144 4660 1243 4720 ledeos,
1260 4667 1367 4712 meret
1384 4664 1437 4713 etc.
