3458 5640
262 572 372 619 Lxxw
748 552 1018 606 raoneeorirun.

306 725 327 768 a
349 705 369 770 i.
385 725 412 770 e.
427 703 533 770 Paris.
547 702 630 787 Reg.
645 724 733 779 nunc
747 701 882 769 Natiou.
898 705 970 769 808.
992 725 1075 770 saec.
1090 704 1169 772 XV.
1205 703 1308 770 Hunc
1331 712 1458 771 textum

349 835 389 882 ex
411 814 560 882 Thilonie
582 815 727 882 editione
750 815 934 882 sumsimus.

307 946 325 992 c
347 929 367 994 i.
384 950 409 994 e.
424 926 529 993 Palat.
544 927 655 996 Vatic.
670 950 759 1010 num.
774 929 845 995 269.
868 950 953 995 saec.
969 929 1037 996 lere
1052 928 1151 998 XIV.
1175 929 1299 1014 Incipit
1313 952 1334 996 e
1347 932 1457 997 verbis

349 1046 483 1126 ἔρχεται
500 1038 518 1104 ὁ
534 1039 728 1127 μομογεμήσ
743 1035 805 1104 τοῦ
821 1036 901 1106 θεοῦ
916 1040 991 1106 nior
1011 1063 1080 1126 cap.
1095 1041 1143 1108 II.
1159 1048 1240 1109 extr.
1269 1044 1459 1128 Exscripeit

327 1158 448 1237 'atque
471 1152 575 1218 edidit
595 1151 749 1219 Birchius
772 1152 857 1238 (uide
881 1160 981 1236 ante).

325 1264 561 1331 Latinorum
584 1271 733 1330 textuum
749 1269 871 1350 primas
894 1273 944 1331 est
966 1265 1335 1334 GestorumPilati.
1372 1267 1457 1334 (lou-

262 1375 423 1442 sormatus
447 1381 498 1441 est
521 1376 563 1441 ad
585 1375 714 1441 codices
736 1375 844 1441 hosce.

304 1509 326 1551 A
347 1488 367 1551 i.
389 1507 415 1550 e.
434 1485 636 1566 Vaticanus,
664 1487 864 1569 nescioquo
892 1508 1029 1552 numero
1056 1495 1198 1553 notetus.
1241 1487 1348 1554 Lectu
1374 1488 1457 1552 satis

348 1602 399 1662 est
422 1596 574 1680 difficilis,
598 1594 725 1677 saeculi¹
744 1596 812 1662 lere
834 1595 941 1663 XIII.
985 1598 1106 1664 Totum
1131 1599 1420 1682 transscripsimus.

304 1728 325 1772 a
348 1708 368 1773 i.
385 1729 411 1773 e.
426 1707 536 1776 Vatic.
553 1729 641 1773 num.
657 1710 760 1790 4363„
783 1708 899 1774 similis
922 1711 1035 1793 priori.
1070 1711 1128 1776 Ad
1150 1712 1292 1794 priorem
1313 1711 1458 1776 codicem

348 1825 501 1888 accurate
524 1819 731 1887 contulimus.

306 1935 411 2012 cie.
425 1933 510 2005 Ven.
525 1933 630 1999 Marc.
653 1935 748 1999 class.
767 1932 868 2002 XIV.
891 1934 960 2000 cod.
982 1934 1119 2001 XLIII.
1143 1936 1266 2003 saeculi
1289 1936 1357 2003 fere
1379 1935 1458 2003 XV.

347 2043 469 2112 Totum
491 2046 784 2129 transscripsimus.

303 2158 367 2223 1)·1.
378 2177 404 2223 e.
420 2161 531 2223 textus
545 2156 701 2240 Fabricii,
717 2156 757 2221 de
774 2177 838 2241 quo
852 2157 926 2223 vide
942 2145 1056 2241 supra;
1071 2160 1149 2224 item
1160 2157 1245 2225 Thil.
1256 2158 1335 2226 (lod.
1351 2180 1459 2243 apocr.

346 2289 421 2351 pag.
437 2264 620 2335 CXXXV.

302 2378 1458 2464 oliecodeinnsidlensis,quemantedecimumsaeculumscriptum

346 2512 417 2556 esse
427 2495 608 2557 autumant.
632 2488 851 2557 Collationem
863 2491 932 2558 eius
948 2513 1023 2559 cum
1038 2491 1181 2559 editione
1190 2492 1392 2560 Fabriciana
1401 2514 1457 2559 ex-

344 2604 454 2671 hibuit
472 2603 545 2671 Ioh.
560 2603 628 2671 Iac.
642 2603 732 2671 Hess
753 2605 787 2670 in
807 2604 1010 2672 bibliotheca
1028 2605 1189 2672 historiae
1210 2627 1334 2673 sacrae.
1365 2608 1455 2672 1191.

347 2717 385 2784 P.
403 2721 429 2783 1.
448 2738 478 2801 p.
494 2719 673 2784 les-483.
702 2717 756 2784 Ila
771 2718 945 2784 collatione
960 2722 1037 2804 post
1050 2717 1220 2785 Birchium
1235 2724 1269 2785 et
1283 2717 1457 2785 Thilonem

346 2837 381 2896 et
402 2831 465 2913 ipsi
488 2831 538 2894 usi
561 2850 682 2895 sumus.

303 2943 369 3006 a⁰i.
384 2963 410 3007 e.
427 2940 535 3014 codex.
550 2941 768 3007 bibliothecae
789 2942 947 3025 principis
962 2939 1094 3006 Corsini
1117 2963 1204 3006 num.
1222 2945 1312 3007 1146.
1335 2944 1459 3008 saeculi

333 3050 522 3120 lereXIV.
544 3049 695 3118 Contulit
709 3073 783 3117 cum
792 3051 993 3117 Fabriciano
1010 3056 1103 3116 textu
1113 3051 1328 3135 Engelbreth.
1349 3052 1458 3138 Quam

347 3163 559 3228 collationem
581 3161 704 3245 publici
726 3163 808 3226 iuris
828 3162 907 3227 fecit
922 3161 1076 3227 Birchius
1092 3165 1127 3226 in
1142 3162 1305 3228 Auctario
1325 3184 1384 3229 suo
1404 3185 1458 3229 co·

347 3273 428 3338 dicis
451 3293 559 3356 apocr.
574 3272 775 3337 Fabriciani.

263 3400 327 3449 rior
349 3388 369 3450 i.
384 3406 410 3450 e.
430 3384 500 3449 cod.
515 3383 730 3449 Florentinus
745 3383 997 3449 Laurentianus.
1035 3384 1159 3449 Deficit
1180 3390 1257 3466 post
1278 3380 1378 3450 verba
1399 3387 1459 3449 Re-

348 3497 522 3582 spondenter
550 3496 655 3559 milites
683 3497 822 3559 dicarat
850 3496 887 3560 Si
913 3495 1020 3580 Ioseph
1049 3496 1112 3581 [in]
1142 3497 1319 3560 Arimotbia
1347 3506 1401 3576 ert,
1433 3508 1462 3560 et

268 3671 271 3682 ,
351 3609 433 3673 Ieme
455 3612 486 3672 ia
513 3607 634 3672 Galilea
656 3619 700 3672 ert
726 3604 838 3690 XIII,
861 3608 890 3672 2.
933 3607 987 3672 Ea
1009 3628 1094 3691 quae
1117 3606 1192 3672 inde
1215 3606 1267 3672 vel
1289 3606 1459 3690 descripsi-

348 3743 420 3787 mus
443 3720 495 3786 vel
517 3719 725 3804 contulimus,
748 3718 934 3804 significata
956 3723 1033 3786 sunt
1055 3721 1089 3785 in
1113 3719 1359 3786 commentario.

262 3836 369 3902 umbri.
381 3855 407 3900 e.
416 3831 677 3899 Mediolanensis
687 3832 929 3900 Ambrosianus
946 3831 1036 3900 035.
1053 3832 1176 3900 saeculi
1191 3833 1259 3900 fere
1272 3832 1371 3903 XIV.
1392 3832 1459 3898 De·

352 3947 541 4030 scripsimus
568 3966 681 4030 usque
699 3947 800 4012 verba
827 3948 977 4011 Nouimus
999 3948 1097 4011 Iesum
1120 3949 1199 4011 dunc
1218 3949 1315 4034 fabri
1336 3949 1462 4034 liquarii

344 4060 453 4142 filium
484 4069 512 4122 et
537 4061 573 4122 de
595 4058 704 4122 Maria
732 4069 845 4123 natum.
891 4057 1035 4141 Reliqua
1060 4057 1135 4122 inde
1159 4057 1308 4124 desumtu
1331 4058 1373 4123 ad
1394 4058 1461 4124 De·

349 4189 501 4233 sconsum
525 4166 650 4233 Christi
673 4169 850 4250 pertinent,
875 4189 958 4248 (puae
981 4173 1058 4248 post
1078 4167 1160 4231 vide.

262 4279 370 4342 Huni.
381 4300 407 4342 e.
418 4277 619 4342 Hauniensis
635 4276 711 4341 bibl.
721 4277 803 4359 Reg.
814 4299 899 4341 anno
913 4279 1003 4340 1400.
1020 4277 1169 4359 scriptus.
1199 4275 1285 4344 Vide
1301 4274 1387 4340 Thil.
1403 4276 1422 4340 l.
1438 4276 1459 4340 l.

348 4410 378 4471 p.
395 4386 631 4455 CXXXVIII
647 4408 704 4470 sq„
727 4387 819 4451 cuius
836 4408 875 4452 ex
889 4387 978 4451 notis
994 4386 1169 4469 aliquoties
1184 4386 1398 4451 laudavimus

279 4512 331 4562 1101
347 4500 368 4564 i.
385 4520 411 4563 e.
426 4497 584 4564 Halensis
599 4496 676 4563 bibl.
688 4497 969 4584 orphanotrophei
985 4517 1070 4562 saec.
1079 4497 1147 4563 fere
1156 4496 1256 4567 XIV.
1278 4495 1365 4564 Vide
1375 4494 1460 4560 Thil.

347 4608 367 4674 l.
382 4609 402 4675 l.
425 4630 455 4692 p.
471 4607 675 4676 CXXXVI.
711 4608 759 4675 Ut
781 4631 888 4693 supra
1200 4587 1203 4595 ¹
