3458 5640
261 612 321 659 mv
724 599 995 655 Pssotuoouuua

427 774 491 842 IX
520 774 566 840 X.
610 773 766 845 GESTA
788 777 954 844 PILATI
978 798 1111 846 causon
1133 782 1168 844 A
1189 800 1233 846 nn
1255 780 1294 846 Β.

321 903 386 970 ΧΙ.
430 903 700 973 DESOENSUS
723 905 917 975 CHRISTI
938 907 1006 973 AD
1029 907 1234 976 INFEROS
1257 929 1401 976 osunen.

546 1033 632 1101 XII.
677 1034 834 1104 GESI'A
855 1035 1019 1103 PILATI
1040 1058 1177 1104 unsrun.

312 1161 417 1228 XIII.
454 1162 554 1231 XIV.
597 1162 870 1233 DESOENSUS
893 1162 1088 1232 CHRISTI
1108 1167 1177 1232 AD
1200 1164 1408 1235 INFEROS

705 1297 832 1343 nurmn
854 1276 889 1340 A
911 1297 955 1342 nn
977 1276 1017 1343 B.

352 1411 418 1480 Sex
439 1412 542 1478 libelli
565 1435 586 1479 a
608 1413 703 1478 nobis
727 1413 808 1480 editi
830 1419 915 1498 sunt,
939 1420 1009 1480 tres
1032 1436 1156 1499 graece,
1178 1421 1247 1482 tres
1269 1416 1381 1500 latine,
1404 1418 1461 1500 qui

266 1529 365 1589 antea
388 1523 563 1606 coniuncti,
583 1545 685 1588 unum
708 1522 887 1590 effecerunt
909 1526 1114 1610 evangelium
1137 1526 1319 1594 Nicodemi.
1365 1527 1462 1614 Quod

266 1655 333 1717 quo
360 1635 431 1700 iure
455 1635 592 1701 anobis
620 1634 744 1701 iactum
772 1637 829 1719 sit,
860 1641 938 1702 ante
967 1638 1078 1704 omnia
1105 1638 1287 1710 dicendum.
1305 1644 1363 1706 est.
1407 1639 1463 1704 Li·

265 1747 362 1814 brum
384 1746 658 1829 quemadmodum
681 1752 758 1831 post
780 1747 920 1814 aliorum
943 1749 1055 1814 studia
1083 1751 1160 1816 clar.
1183 1749 1279 1816 'Ihilo
1302 1772 1407 1834 nuper
1429 1757 1463 1817 et

266 1879 384 1943 graece
405 1864 439 1925 et
452 1859 555 1926 latine
570 1859 683 1943 edidit,
706 1860 832 1926 duabus
848 1867 1000 1927 constare
1015 1863 1176 1946 partibus,
1198 1884 1337 1948 quarum
1352 1864 1463 1946 priore

267 1991 360 2054 capp.
375 1970 536 2039 I-XVI.
556 1971 595 2038 de
612 1970 751 2060 Christo¹
769 1980 923 2039 accusato
947 1979 980 2039 et
1002 1974 1158 2040 damnato
1183 1976 1272 2039 cruci
1294 1974 1393 2040 affixo
1416 1995 1464 2039 se·

267 2082 360 2166 pulto
376 2083 522 2150 redivivo
544 2085 729 2168 exponitur,
750 2087 935 2168 posteriore
951 2106 971 2150 a
987 2087 1095 2168 capite
1112 2086 1231 2154 XVII.
1247 2107 1351 2168 usque
1367 2085 1465 2150 fineru

268 2195 445 2261 traduntur
474 2194 618 2261 filiorum
644 2195 816 2279 Symeonis
847 2217 864 2261 e
892 2198 1032 2262 mortuis
1062 2198 1097 2262 in
1125 2199 1228 2262 vitam
1259 2217 1465 2263 reversorum

267 2308 458 2374 testimonia
480 2307 520 2374 de
544 2306 670 2374 Christi
693 2307 851 2374 descensu
879 2307 921 2374 ad
943 2307 1082 2391 inferos,
1111 2308 1233 2373 dudum
1257 2309 1466 2374 observatum

269 2424 328 2485 est.
371 2418 445 2486 Has
469 2440 546 2485 vero
578 2440 645 2485 non
677 2419 719 2485 ab
747 2417 873 2485 eodem.
892 2424 1028 2486 auctore
1058 2418 1225 2503 proiectas
1257 2440 1329 2485 esse
1359 2439 1465 2502 neque

267 2532 372 2616 magis
400 2531 584 2597 destinatas
612 2535 650 2596 ut
676 2531 711 2596 in
738 2552 839 2596 unum
867 2532 1159 2615 coniungerentur,
1190 2530 1241 2596 his
1272 2531 1340 2597 fere
1371 2551 1466 2614 argu-

268 2645 387 2711 mentis
409 2644 584 2729 probatur.-

357 2761 388 2838 l)
420 2755 537 2822 Testes
566 2756 694 2837 antiqui
723 2756 834 2838 graeci
860 2756 995 2838 plurimi
1022 2757 1168 2839 priorem
1190 2762 1318 2837 partem
1341 2753 1466 2836 absque

271 2866 377 2933 altera
394 2866 557 2933 exhibent.
594 2864 648 2932 Da
664 2865 836 2932 duodecim
858 2867 944 2932 enim
967 2867 1135 2933 codicibus
1158 2866 1349 2949 graecisso
1372 2863 1468 2930 eden·

271 2978 348 3044 dum
369 2978 491 3046 librum
512 2978 576 3045 huc
597 2999 701 3061 usque
724 2977 881 3044 adhibitis
896 2978 961 3045 duo
984 2984 1115 3044 tantum
1133 2977 1185 3044 vel
1205 2983 1274 3043 tres
1282 2977 1305 3063 ¹)
1328 2976 1467 3043 alteram

271 3096 400 3176 partem
422 3090 527 3174 priori
549 3090 863 3170 adnexamhabent.
902 3091 1017 3174 Atque
1040 3090 1168 3157 accedit
1190 3091 1232 3155 ad
1254 3109 1371 3155 novem
1393 3088 1468 3153 illos

272 3209 375 3271 testes
397 3225 533 3288 graecos
555 3224 654 3287 grave
676 3203 904 3269 testimonium
927 3205 1017 3286 copti
1040 3204 1240 3286 interpretis,
1262 3201 1351 3284 apud
1371 3221 1469 3284 quem

273 3318 380 3384 altera
401 3337 478 3401 pars
501 3337 567 3382 non
589 3316 764 3382 invenitur.
807 3315 938 3381 Latinis
962 3315 1108 3399 quidem,
1124 3316 1255 3399 <quibus
1285 3315 1385 3380 etiam
1413 3335 1470 3380 no·

273 3451 349 3495 men
377 3428 538 3512 evangelii
559 3427 734 3495 Nicodemi
758 3428 908 3511 debetur,
937 3434 974 3492 ut
1001 3433 1078 3511 post
1106 3426 1301 3509 ridebimus,
1329 3428 1468 3491 formam

273 3541 349 3606 libri
372 3541 498 3606 duabus
526 3539 675 3623 partibus
704 3540 887 3605 coniunctis
915 3538 1065 3604 effectam
1088 3539 1195 3621 magia
1216 3538 1381 3621 placuisse
1403 3543 1470 3601 sta-

274 3651 432 3718 tuendum
455 3656 521 3718 est:
552 3651 648 3716 latini
671 3651 759 3717 enim
781 3649 910 3716 codices
931 3650 1038 3743 nostri
1061 3670 1173 3715 omnes
1196 3653 1371 3731 utramque
1393 3668 1469 3731 par·

273 3769 341 3830 tem
373 3764 581 3829 coniunctam
611 3762 743 3829 habent.
786 3761 970 3845 Gregorius
1001 3783 1079 3827 raro
1107 3760 1310 3827 Turonensis
1342 3758 1469 3825 duobus

273 3875 355 3940 locis
384 3874 424 3941 de
448 3872 560 3942 Gestis
584 3895 668 3957 quae
698 3875 769 3957 ipse
798 3873 879 3939 dicit
906 3872 1010 3938 Pilati
1041 3873 1206 3939 disserens
1236 3871 1343 3937 altera
1373 3875 1469 3954 parte

274 4007 341 4052 non
362 3988 468 4051 utitur
479 3987 511 4070 ¹).

361 4175 384 4241 ¹)
403 4178 522 4228 Tertium
541 4177 654 4228 dicimus
673 4177 831 4226 Vaticanum
851 4175 965 4231 Birchii,
990 4176 1018 4224 in
1036 4174 1155 4225 Decem.
1176 4173 1271 4222 esraa
1285 4187 1378 4236 praece
1399 4171 1469 4236 apud

276 4278 323 4312 noe
343 4264 412 4328 siglo
431 4264 453 4312 B
473 4267 604 4322 notatum,
626 4267 685 4311 tota
704 4261 791 4326 priore
810 4264 886 4325 perte
905 4263 934 4308 et
952 4259 1031 4309 initio
1051 4259 1183 4309 secundae
1201 4259 1333 4309 mutilum.

360 4345 383 4412 ²)
402 4349 500 4399 Nescio
519 4365 553 4399 en
575 4347 777 4412 antiquissimus
802 4344 885 4395 codex
904 4342 1121 4394 vindobonensis
1144 4346 1335 4410 palimpsestus
1360 4342 1471 4391 omittet

276 4436 387 4486 alteram
410 4439 527 4502 partam:
552 4438 624 4485 certe
648 4432 718 4484 caim
744 4432 772 4482 ln
791 4431 824 4482 iis
843 4446 909 4496 quae
928 4431 982 4498 legi
1000 4431 1160 4497 fragmentis
1179 4433 1243 4480 sunt
1261 4443 1328 4493 quac
1348 4426 1382 4478 ed
1400 4427 1472 4493 cepi·

276 4525 312 4576 tis
331 4523 402 4574 xvl.
426 4523 561 4575 sectiones
586 4523 696 4588 primum
720 4525 749 4571 ot
772 4519 914 4572 secundem
937 4519 1091 4586 pertineam
1116 4518 1163 4570 sed
1182 4518 1251 4569 nibil
1271 4516 1304 4568 de
1322 4516 1472 4581 posteriore

276 4615 352 4678 parta
371 4610 470 4662 inveni.
501 4608 577 4670 Quod
594 4623 672 4676 quem
691 4622 771 4675 greve
789 4608 834 4666 alt,
852 4605 899 4657 ubi
918 4605 1043 4671 repetitis
1061 4604 1158 4656 studiis
1177 4602 1362 4656 confirmatum
1380 4601 1472 4657 luerit.

275 4701 356 4751 facile
375 4698 549 4765 intelligitur.
1464 4677 1472 4687 “
