3458 5640
395 576 627 628 svanenmnu
646 536 841 628 rnrrsrnln
859 576 1050 628 seimonu.
1077 577 1172 629 xx1v.
1190 577 1269 629 xxv.
1287 578 1382 629 xxvr.
1429 577 1491 642 193

287 725 546 792 dormientium.
583 727 697 793 Erant
721 733 838 793 alitem
860 725 928 791 duo
955 726 1015 792 isti
1038 726 1207 808 latrones,
1233 726 1270 791 in
1293 748 1380 812 quos
1405 728 1494 794 inci·

290 829 423 910 derant,
448 809 550 895 Titus
581 836 616 896 et
645 830 859 897 Dumachus.
904 829 1006 895 Dixit
1034 830 1143 914 igitur
1166 829 1268 896 Titus
1292 830 1491 899 Dumach0:

290 931 387 1016 Rogo
411 939 444 999 te
466 937 506 998 ut
525 933 612 1000 istos
634 935 729 1001 sinas
750 934 847 1001 abire
864 934 989 1017 libere,
1013 939 1118 1019 atque
1141 933 1192 999 ita
1213 939 1253 1000 ut
1275 936 1362 1001 socii
1379 936 1492 1002 nostri

290 1056 350 1100 eos
372 1056 441 1100 non
467 1038 755 1104 animadvertant.
801 1038 1001 1104 Recusante
1026 1043 1142 1103 autem
1163 1036 1346 1104 Dumacho
1369 1060 1492 1106 rursus

288 1139 405 1207 Titus:
432 1138 525 1225 Oape
537 1140 613 1224 tibi,
632 1141 758 1226 inquit,
775 1163 858 1207 ame
871 1141 1104 1225 quadraginta
1114 1140 1305 1225 drachmae,
1318 1147 1353 1208 et
1362 1143 1490 1228 pignus

289 1243 377 1309 habe
394 1243 512 1309 hocce.
545 1243 656 1311 Simul
674 1266 795 1311 zonam
813 1266 881 1328 qua
898 1244 1033 1309 cinctus
1051 1249 1126 1309 crat
1147 1245 1179 1309 ei
1195 1245 1367 1329 porrexit,
1390 1252 1490 1313 utne

288 1345 443 1411 hisceret
458 1367 543 1412 neve
561 1347 775 1432 loqueretur.
797 1347 1002 1430 Videasque
1016 1346 1156 1412 domina
1171 1345 1381 1413 heraMaria
1396 1347 1491 1414 hunc

289 1440 461 1516 latronem
483 1449 570 1534 ipsis
590 1449 824 1534 benefecisse,
847 1449 898 1515 ait
917 1448 984 1513 illi:
1015 1448 1188 1516 Dominus
1206 1449 1292 1516 deus
1311 1455 1346 1516 te
1367 1449 1492 1517 dextra

289 1574 353 1618 sua
384 1555 599 1621 sustentabit
629 1561 665 1622 et
694 1554 934 1623 remissionem
963 1559 1187 1640 peccatorum
1216 1554 1282 1621 tibi
1307 1553 1489 1641 largietur.

289 1655 464 1726 Dominus
481 1665 598 1726 autem
613 1659 715 1727 Iesus
731 1658 914 1745 respondit
931 1663 966 1725 et
982 1658 1071 1724 dixit
1086 1660 1188 1725 matri
1205 1681 1303 1726 suae:
1326 1658 1415 1727 Post
1429 1660 1491 1727 tri·

236 1797 242 1816 ι
289 1763 389 1849 ginta
405 1786 526 1848 annos,
549 1771 704 1849 omater,
728 1763 933 1851 crucifigent
948 1784 1002 1830 me
1019 1762 1144 1831 Iudaei
1160 1763 1437 1851 Hierosolymae,
1455 1771 1491 1832 et

291 1867 359 1934 duo
383 1869 443 1935 isti
466 1870 621 1937 latrones
642 1891 776 1936 mecum
797 1891 867 1935 una
890 1869 927 1934 in
950 1888 1087 1934 emicem
1109 1867 1292 1952 tollentur,
1318 1868 1420 1936 Titus
1445 1868 1490 1936 ad

289 1973 448 2038 dextram
464 1995 574 2039 meam
591 1978 628 2039 et
641 1972 844 2039 Dumachus
862 1971 905 2038 ad
922 1972 1111 2056 sinistram,
1135 1977 1267 2056 etpost
1282 1972 1380 2038 illum
1398 1972 1491 2039 diem

290 2076 542 2158 praecedetme
553 2076 653 2142 Titus
669 2077 705 2140 in
716 2075 926 2159 paradisum.
953 2073 1109 2158 Cumque
1122 2075 1268 2140 dixisset
1283 2075 1357 2140 illa:
1382 2071 1491 2142 Aver-

290 2183 344 2242 tat
359 2176 425 2244 hoc
446 2201 466 2244 a
481 2185 516 2246 te
534 2179 634 2262 deuS,
655 2180 701 2244 mi
719 2178 783 2260 fili,
806 2177 970 2243 abierunt
985 2176 1085 2243 illinc
1105 2177 1149 2242 ad
1166 2177 1287 2243 urbem
1302 2176 1489 2261 idolorum,

292 2302 397 2364 qnae,
430 2304 506 2348 cum
537 2283 590 2348 illi
622 2282 978 2367 appropinquassent,
1010 2282 1047 2346 in
1073 2281 1180 2346 colles
1206 2301 1395 2347 arenaceos
1420 2280 1491 2346 fnit

290 2389 436 2449 mutata.
1217 2403 1220 2408 ·

747 2536 868 2604 (larun
890 2537 1031 2606 XXIV.

374 2674 471 2740 Hinc
493 2675 537 2740 ad
559 2696 776 2759 sycomorum
795 2675 891 2740 illam
914 2658 1063 2759 digressi
1085 2680 1168 2740 sunt
1183 2695 1272 2758 quae
1292 2642 1398 2741 hodie
1414 2645 1490 2740 Mass

289 2779 388 2843 tarsa
402 2783 559 2860 vocatur,
584 2784 619 2845 et
634 2778 799 2864 produxit
815 2777 976 2844 dominus
992 2776 1093 2842 Iesus
1110 2775 1242 2843 fontem
1264 2777 1300 2842 in
1316 2776 1488 2859 Matarea,

290 2880 327 2945 in
350 2902 418 2965 quo
441 2882 526 2949 hera
546 2883 661 2948 Maria
685 2882 891 2948 subuculam
913 2881 988 2948 eius
1010 2879 1102 2946 lavit.
1148 2881 1202 2946 Ex
1221 2881 1349 2947 sudore
1371 2886 1489 2946 autem

291 2983 424 3051 domini
441 2986 539 3068 Iesu,
563 3009 665 3070 quem
686 2987 748 3053 illa
769 2986 819 3051 ibi
836 2986 979 3071 sparsit,
1002 2983 1192 3051 balsamum
1214 2986 1250 3050 in
1267 2985 1330 3050 illa
1345 2985 1489 3070 regione

292 3090 461 3171 provenit.

758 3243 878 3310 Osann
901 3241 1021 3310 XXV.

358 3377 466 3444 'Inde
493 3378 673 3463 Memphin
699 3379 972 3460 descenderunt,
1003 3380 1147 3463 visoque
1174 3379 1358 3444 Pharaone
1383 3378 1493 3444 trien·

293 3478 388 3543 nium
404 3481 587 3565 inEgypto
605 3481 853 3562 substiterunt3
871 3481 1024 3565 fecitque
1043 3481 1204 3547 dominus
1221 3479 1322 3546 Iesus
1339 3481 1492 3564 plurima

290 3581 326 3646 in
342 3582 479 3667 Egypto
499 3583 676 3666 miracula,
699 3606 787 3668 qnae
805 3605 918 3669 neque
936 3585 971 3648 in
989 3583 1168 3668 evangelio
1186 3583 1357 3650 infantiae
1374 3606 1489 3670 neque

289 3684 327 3749 in
345 3687 523 3770 evangelio
541 3688 697 3771 perlecto
715 3689 847 3770 scripta
863 3687 1097 3771 reperiuntur.

747 3890 868 3958 (larun
891 3892 1031 3958 XXVI.

372 4026 505 4092 Exacto
526 4049 606 4093 vero
628 4028 780 4094 triennio
801 4028 908 4094 rediit
934 4050 975 4094 ex
994 4029 1149 4113 Egypto,
1176 4034 1211 4094 et
1236 4049 1393 4096 reversus
1420 4035 1487 4111 est;

287 4151 435 4212 cumque
458 4129 625 4194 Iudaeam
647 4132 864 4213 attigissent,
890 4130 1009 4196 timuit
1028 4130 1201 4213 Iosephus
1223 4129 1319 4194 illam
1341 4130 1488 4211 intrare;

287 4232 435 4297 audiens
445 4224 525 4297 vero
538 4232 730 4299 decessisse
742 4233 920 4299 Herodem
932 4231 1190 4299 etArchelaum
1202 4231 1311 4297 filium
1328 4232 1491 4300 inlocum

288 4335 363 4401 eius
381 4335 604 4420 successisse,
622 4337 740 4402 timuit
756 4336 906 4421 quidem,
925 4335 985 4403 sed
1003 4337 1039 4402 in
1056 4336 1223 4403 Iudaeam
1240 4336 1338 4402 abiit.
1367 4332 1492 4422 Appa-

357 4551 450 4601 XXIV.
468 4551 629 4601 subucalmu:
642 4553 682 4602 its
695 4553 734 4602 1²1.
747 4569 795 4618 pro
809 4553 927 4604 tunicam.

357 4638 450 4689 xxvi.
469 4639 553 4689 tinuit
565 4639 675 4705 quidem,
693 4640 737 4689 sed
748 4640 776 4689 in
788 4640 911 4690 Iudaeam
924 4640 1002 4692 obiit.-
1020 4641 1059 4692 ito
1072 4641 1111 4690 1²1.
1130 4656 1178 4706 pro
1197 4640 1308 4692 Siliiens
1326 4640 1491 4706 interprete·

288 4726 365 4777 tioae
376 4726 465 4777 metuit
476 4730 501 4777 et
512 4727 539 4776 ἐκ
551 4726 675 4776 Iudaeam
686 4727 759 4778 abiis.

341 4810 425 4860 Erant.
435 4821 506 4860 apocr.
517 4810 709 4851 cathanensem.
729 4813 769 4852 ue.
780 4811 807 4852 ll.
1235 4815 1267 4864 13
