3458 5640
263 545 327 613 458
740 545 836 596 noas
855 547 984 597 rrnsrr.

264 694 351 759 filius
373 693 488 759 mortis
511 699 562 759 est
584 698 618 759 et
639 691 765 779 nefasb
795 699 847 759 est
869 715 943 760 eum
965 694 1075 758 vivere
1097 712 1194 776 super
1215 699 1348 757 terram.
1394 690 1460 777 Qui

265 817 339 863 cum
368 817 442 862 eum
464 794 560 879 vidit,
589 795 743 861 continuo
769 816 843 861 eum
866 796 1024 860 salutavit
1046 799 1080 860 et
1102 815 1228 860 omnem
1250 795 1353 859 animi
1376 793 1460 859 iero·

265 898 401 964 citatem
428 895 560 962 abiecit
602 895 819 963 Mirabantur
847 918 973 978 ornnes,
1000 895 1182 962 mirabatur
1209 897 1353 980 etipse,
1382 896 1462 980 quia

264 1002 313 1066 sic
340 1004 457 1065 contra
478 996 626 1063 Pilatum
654 997 731 1063 dum
763 999 896 1064 abesset
927 998 1167 1080 exardesceret,
1198 1004 1231 1062 et
1258 997 1335 1063 dum
1364 1018 1460 1082 prae·

263 1125 338 1180 sens
359 1109 447 1169 esset
469 1103 517 1168 nil
539 1102 570 1168 ei
592 1102 685 1186 loqui
707 1109 820 1186 posset
840 1124 967 1187 aspero.
1003 1103 1153 1170 Tandem
1175 1102 1284 1169 divino
1306 1110 1390 1168 nutu
1407 1102 1461 1168 vel

262 1209 347 1276 forte
376 1207 516 1274 alicuius
540 1205 721 1274 Christiani
748 1228 849 1274 suasu
876 1210 986 1291 ipsum
1014 1208 1073 1275 illa
1098 1209 1212 1274 tunica
1232 1208 1391 1290 expoliari
1413 1206 1460 1273 ie-

262 1312 322 1393 cit,
351 1314 384 1377 et
406 1317 525 1377 contra
547 1331 622 1374 eum
644 1310 820 1393 pristinam
842 1310 1048 1376 ferocitatem
1071 1310 1172 1377 animi
1196 1331 1272 1376 mox
1297 1301 1460 1376 resumsit

263 1413 412 1498 Cumque
436 1413 476 1477 de
503 1413 567 1480 hoc
593 1414 773 1496 imperator
801 1413 979 1497 plurimum
1001 1413 1235 1495 admiraretur,
1264 1412 1461 1478 dictumest

263 1518 326 1584 sibi
357 1517 447 1602 quod
478 1515 537 1583 illa
568 1517 682 1584 tunica
713 1516 831 1583 fuisset
863 1517 988 1584 domini
1015 1516 1104 1583 Iesu.
1156 1516 1251 1583 Tunc
1280 1516 1460 1600 imperator

262 1643 337 1688 cum
365 1622 400 1686 in
428 1639 596 1686 carcerem
623 1621 727 1704 recipi
758 1621 868 1706 iussit,
899 1622 1003 1690 donoc
1030 1622 1216 1706 sapientum
1244 1621 1380 1687 consilio
1406 1619 1460 1685 de·

261 1726 421 1792 liberaret
444 1725 523 1810 quid
545 1724 585 1791 de
607 1746 647 1792 oo
675 1725 747 1793 fieri
775 1732 955 1810 oporteret.
998 1728 1082 1794 Post
1109 1734 1220 1793 autem
1247 1748 1370 1813 paucos
1392 1725 1462 1791 dies

262 1828 343 1894 data
365 1832 416 1894 est
437 1826 541 1912 igitur
562 1827 597 1892 in
612 1827 761 1893 Pilatum
784 1829 950 1894 sententia
971 1836 1010 1895 ut
1031 1833 1138 1895 morte
1160 1829 1354 1913 turpissima
1372 1827 1460 1893 dam·

258 1935 408 2031 naretur.
452 1929 603 1996 Audiens
629 1931 693 1996 hoc
715 1930 846 1997 Pilatus
874 1932 1008 1998 cultello
1037 1934 1171 2017 proprio
1198 1953 1233 1997 se
1255 1932 1399 2014 necavit,
1428 1936 1462 1995 et

263 2031 322 2096 tali
346 2038 453 2096 morte
476 2031 577 2095 vitam
600 2031 716 2096 finivit.

349 2132 492 2216 Cognita
508 2131 634 2198 Caesar
655 2139 762 2198 morte
777 2133 882 2199 Pilati
899 2132 984 2198 dixit
996 2133 1087 2216 Vere
1109 2140 1258 2199 mortuus
1282 2138 1333 2197 est
1354 2137 1459 2196 morte

263 2235 467 2317 turpissima,
495 2233 549 2297 cui
576 2254 693 2299 manus
719 2235 854 2318 propria
880 2255 947 2299 non
972 2235 1131 2318 pepercit
1175 2233 1261 2299 Moli
1287 2233 1391 2317 igitur
1411 2233 1460 2295 in·

263 2336 354 2422 genti
385 2334 543 2418 alligatur
573 2341 607 2401 et
636 2337 671 2400 in
701 2335 850 2403 Tiberim
880 2335 1014 2402 fluvium
1048 2337 1263 2422 immergitur.
1315 2333 1461 2419 Spiritus

262 2463 341 2508 vero
372 2440 507 2525 maligni
539 2446 573 2506 et
605 2441 728 2507 sordidi
760 2443 891 2526 corpori
921 2442 1072 2528 maligno
1094 2447 1128 2508 et
1155 2440 1286 2507 sordido
1316 2460 1458 2524 congau-

263 2545 378 2610 dentes
401 2565 513 2610 omnes
535 2544 569 2609 in
592 2544 688 2629 aquis
709 2545 939 2626 movebantur,
968 2553 1002 2612 et
1023 2544 1156 2629 {augura
1178 2549 1212 2609 et
1233 2547 1460 2625 tempestates,

264 2650 412 2714 tonitrua
441 2654 476 2714 et
505 2647 683 2731 grandines
714 2649 749 2712 in
776 2669 851 2714 aare
882 2648 1076 2714 terribiliter
1106 2648 1315 2732 gerebanth,
1346 2646 1396 2710 ita
1422 2651 1461 2708 ut

265 2750 375 2815 cuncti
398 2750 515 2815 timore
537 2748 688 2813 horribili
710 2755 910 2816 tenerentur.
954 2748 1165 2834 Quapropter
1184 2748 1329 2814 Romani
1349 2747 1460 2828 ipsum

264 2872 285 2915 a
307 2849 438 2919 Tiberis
459 2848 558 2915 fluvio
586 2849 810 2934 extrahentes,
837 2850 1012 2917 derisionis
1041 2871 1142 2916 causa
1167 2851 1276 2934 ipsum
1302 2849 1336 2912 in
1357 2846 1460 2914 Vien-

265 2973 341 3017 nam
373 2950 631 3035 deportaverunt
662 2956 696 3016 ct
725 2949 881 3019 Rhodani
912 2951 1010 3018 fluvio
1040 2953 1291 3018 immerserunt:
1326 2947 1461 3017 Vienna

266 3056 352 3120 enim
375 3054 496 3120 dicitur
518 3055 615 3138 quasi
641 3055 696 3121 via
723 3054 905 3138 gehennae,
933 3056 1012 3139 quia
1039 3060 1112 3120 erat
1137 3062 1216 3120 tunc
1242 3054 1335 3119 locus
1362 3051 1461 3117 male·

265 3156 429 3223 dictionis,
474 3156 540 3224 Sed
550 3157 574 3242 ⁹)
603 3158 650 3222 ibi
673 3178 816 3242 nequam
838 3159 974 3243 spiritus
996 3157 1175 3242 affuerunt,
1201 3155 1324 3222 ibidem
1346 3153 1461 3220 cadem

266 3268 448 3346 operantes.
493 3261 654 3328 Homines
678 3284 755 3346 orgo
778 3264 828 3328 illi
850 3269 977 3329 tantam
998 3263 1244 3329 infestationem
1262 3261 1460 3326 daemonum

264 3385 331 3430 non
344 3365 380 3451 ¹⁰)
411 3365 611 3430 sustinentes
637 3386 694 3430 vas
722 3365 805 3431 illud
832 3365 1070 3432 maledictionis
1092 3387 1113 3432 a
1136 3386 1170 3431 se
1193 3369 1406 3430 removerunt
1428 3369 1462 3426 et

265 3467 347 3532 illud
371 3468 593 3550 sepeliendum
616 3467 781 3534 Lucaniae
809 3471 976 3535 territorio
1004 3471 1247 3535 commiserunt
1292 3467 1358 3552 Qui
1373 3487 1460 3531 -cum

265 3572 363 3635 nimis
389 3571 551 3653 praefatis
563 3572 599 3655 ¹¹)
626 3571 891 3638 infestationibus
919 3580 1151 3656 gravarentur,
1179 3574 1287 3656 ipsum
1310 3593 1330 3636 a
1353 3592 1387 3636 se
1409 3591 1460 3635 re-

264 3681 437 3740 moverunt
459 3681 493 3741 et
520 3676 554 3741 in
578 3675 719 3758 quodam
742 3681 842 3758 puteo
864 3678 1030 3742 montibus
1053 3679 1272 3759 circumsepto
1295 3678 1460 3740 immerse-

265 3782 351 3860 runt,
373 3776 431 3842 ubi
453 3776 560 3842 adhuc
581 3776 743 3842 relatione
766 3777 983 3862 quorumdam
1005 3776 1167 3863 quaedam
1191 3775 1370 3843 diabolicae
1392 3796 1460 3840 ma-

265 3881 472 3947 chinationes
495 3880 632 3946 ebullire
656 3880 819 3948 dicuntur.

350 4057 376 4106 7.
406 4053 495 4105 Codex
513 4071 561 4119 per
579 4070 692 4104 errorem
706 4058 764 4122 joe.

349 4143 375 4191 8.
403 4141 528 4191 Fortasse
546 4143 646 4192 rectius
664 4143 728 4208 heg.
743 4159 798 4193 aur.
813 4144 997 4206 conquatientes
1014 4148 1039 4191 et
1056 4159 1121 4192 nanc
1139 4146 1165 4192 e‘n
1183 4143 1257 4206 aquis
1273 4157 1339 4190 nane
1355 4141 1383 4189 tn
1401 4156 1460 4190 aere

263 4228 392 4288 rapientes
409 4225 541 4274 mirabiles
559 4227 736 4276 inundationes
754 4229 780 4275 in
799 4229 872 4290 aquis
889 4226 1027 4284 monebant,
1046 4232 1070 4275 et
1089 4257 1097 4268 ·
1115 4227 1272 4290 penerabant

348 4309 375 4356 9.
394 4306 469 4356 Addo
488 4311 529 4357 etl

334 4395 375 4443 10.
404 4410 454 4442 non
473 4393 550 4444 deest
568 4395 596 4444 in
615 4394 716 4445 codice.

332 4481 374 4530 11.
403 4477 491 4529 Codex
509 4480 594 4551 nimiis
610 4482 771 4547 praesectis.-
792 4497 858 4546 quse
878 4483 993 4538 fortene
1013 4483 1076 4532 farri
1096 4488 1219 4546 possunt.

756 4630 966 4637 ——.—-—--..
