3458 5640
478 576 813 628 Peenno-Marsum
832 573 1073 628 EVANGELIUM.
1102 575 1177 628 CAP.
1197 576 1251 627 XX.
1426 573 1466 638 87

182 711 185 720 ’
264 734 469 815 pascentur,
490 727 545 792 leo
569 733 604 793 et
625 726 688 792 bes
711 727 814 792 simul
835 724 955 811 paleas
975 733 1171 792 vescentur.
1216 726 1329 793 Erant
1350 733 1465 794 autem

265 833 333 899 duo
353 832 458 899 bores
485 837 521 895 et
541 830 753 914 plaustrum,
778 830 814 895 in
839 850 906 914 quc
930 831 1129 896 necessaria
1149 831 1351 916 portabant,
1379 853 1465 916 quos

265 937 384 1003 leones
402 934 602 1019 dirigebant
618 934 653 999 in
672 933 797 1001 itinere
815 954 944 999 eorum.
1034 975 1037 981 ,

749 1120 869 1189 Carus
893 1122 979 1187 XX.

351 1265 360 1297 ¹
378 1263 523 1327 Factum
543 1266 598 1325 cst
617 1266 733 1325 autern
750 1259 805 1324 die
824 1259 929 1324 tertia
945 1257 1174 1340 profectionis
1191 1280 1273 1325 suae
1296 1266 1335 1326 ut
1350 1261 1465 1326 Maria

264 1365 371 1428 nimio
398 1364 482 1429 selis
507 1362 632 1428 ardere
652 1361 862 1445 fatigaretur
885 1361 921 1424 in
947 1380 1077 1441 eremo,
1104 1366 1140 1424 et
1159 1360 1279 1426 videns
1305 1362 1464 1428 arborem

263 1466 399 1550 palmae
416 1465 506 1530 dixit
523 1464 568 1531 ed
584 1463 728 1547 Ioseph:
754 1463 941 1547 Quieseam
958 1461 1140 1545 paululum
1157 1461 1220 1528 sub
1238 1463 1360 1529 umbra
1376 1465 1463 1531 eius.

263 1569 394 1654 Ioseph
416 1576 531 1634 autem
552 1567 724 1633 festinans
741 1566 840 1633 duxit
860 1587 935 1632 earn
957 1566 1000 1631 ad
1022 1564 1170 1648 palmam
1192 1571 1228 1631 et
1249 1564 1462 1633 descendere

264 1695 339 1740 eam
362 1673 449 1739 feeit
468 1672 510 1738 de
532 1672 697 1738 iumento.
733 1669 889 1756 Cumque
913 1668 1105 1735 resedisset
1120 1669 1249 1752 Maria,
1271 1670 1463 1754 respiciens

263 1779 307 1845 ad
324 1799 456 1844 comam
472 1776 608 1861 palmae
624 1776 711 1842 vidit
727 1797 801 1841 eam
818 1773 957 1858 plenam
973 1773 1097 1857 pomis,
1116 1778 1150 1839 et
1161 1771 1249 1838 dixit
1264 1773 1307 1839 ed
1318 1773 1463 1858 Ioseph:

262 1880 454 1965 Desidere,
480 1880 509 1946 si
532 1879 607 1946 fieri
627 1884 760 1963 posset,
785 1884 825 1943 ut
846 1899 886 1943 ex
910 1877 987 1943 istis
1009 1875 1183 1942 fructibus
1204 1875 1308 1942 huius
1329 1877 1464 1962 palmae

264 1984 491 2069 perciperem.
522 1983 570 2049 Et
585 1983 635 2049 ait
650 1982 693 2049 ad
711 2003 785 2048 eam
802 1980 946 2063 Ioseph:
978 1980 1090 2044 Mirer
1106 1984 1139 2044 te
1158 1978 1273 2044 dicere
1291 1979 1367 2062 hoc,
1389 2001 1466 2047 cum

262 2087 381 2153 videas
393 2091 543 2172 quantae
561 2087 607 2152 sit
622 2084 821 2151 altitudinis
837 2084 954 2166 palma
970 2082 1048 2164 ista,
1067 2087 1102 2147 et
1113 2082 1207 2171 quod
1224 2087 1262 2146 tu
1275 2081 1316 2148 de
1328 2083 1463 2168 palmae

263 2191 438 2257 fructibus
456 2190 588 2275 cogitas
609 2189 723 2255 edere.
754 2187 830 2271 Ego
854 2185 963 2271 magis
981 2184 1023 2250 de
1045 2207 1156 2270 aquae
1173 2185 1321 2270 penuria
1338 2187 1464 2272 cogite,

264 2315 354 2379 quae
371 2293 472 2360 nobis
494 2294 562 2359 iam
579 2291 710 2357 defecit
732 2292 767 2355 in
785 2289 938 2373 utribus,
963 2295 998 2354 et
1014 2310 1084 2354 nen
1101 2288 1269 2354 habemus
1291 2290 1383 2356 unde
1401 2311 1464 2357 nes

265 2403 300 2463 et
317 2397 471 2462 iumenta
481 2395 679 2462 refocillare
689 2394 876 2460 valeamus.
909 2394 920 2427 ¹
935 2392 1036 2458 Tunc
1051 2391 1248 2458 infantulus
1258 2391 1360 2460 Iesus
1371 2393 1463 2460 laeto

262 2499 360 2565 vultu
382 2501 418 2564 in
441 2500 519 2564 sinu
542 2497 662 2563 rnatris
683 2519 766 2562 suae
790 2495 948 2562 residens
970 2495 1020 2560 ait
1040 2493 1083 2559 ad
1105 2493 1270 2578 palmam:
1300 2495 1462 2563 Flectere

262 2676 389 2724 comedent
402 2674 503 2738 paleas.
528 2675 596 2723 item
610 2688 626 2722 s
642 2673 710 2722 diuae
727 2674 769 2721 ad.
788 2672 903 2736 estquod
916 2672 1019 2736 Esapas
1030 2671 1085 2719 ait:
1109 2669 1178 2734 Lupi
1194 2694 1203 2706 ·
1220 2674 1245 2720 et
1261 2669 1300 2719 leo
1318 2675 1343 2719 st
1355 2670 1398 2720 les
1409 2673 1463 2721 sim.

257 2759 345 2823 palcis
363 2775 425 2807 cese.
445 2755 449 2823 Ι
468 2759 556 2807 Erant
574 2762 657 2807 autem
675 2757 719 2820 (ut
731 2770 781 2815 ους
798 2769 834 2836 se
846 2755 932 2817 siaul)
951 2780 960 2791 ·
974 2755 1116 2820 portabant
1129 2752 1176 2817 (cn
1185 2753 1385 2819 portabantur).
1402 2771 1464 2820 puae

263 2844 347 2894 leones
359 2870 367 2881 ·
381 2861 466 2893 earum
479 2843 525 2907 (οι)
539 2860 580 2893 om
594 2859 656 2908 quos
667 2859 717 2908 usq
730 2841 826 2906 earum)
840 2847 871 2892 ut
883 2853 971 2901 seem
984 2855 1001 2891 s
1013 2842 1102 2891 Erant
1113 2841 1178 2891 esim
1189 2842 1239 2891 due
1252 2841 1324 2891 leves
1334 2843 1361 2891 ir
1373 2843 1464 2894 itinere

262 2946 362 2989 earum,
379 2930 515 2994 sapuerit,
534 2946 595 2994 quas
606 2928 752 2993 diripelaat
764 2928 847 2978 lecum
856 2944 905 2993 per
916 2928 1042 2977 &sutum
1058 2927 1085 2976 iu
1099 2927 1192 2977 itinere
1202 2926 1298 2976 demini
1309 2929 1392 2977 rostri
1403 2929 1462 2978 Iesu

265 3017 368 3074 Christi,
381 3017 452 3066 cuiue
464 3016 608 3065 necessaria
619 3016 767 3080 postulant,
781 3019 806 3065 et
817 3015 1022 3080 adsequebantur.

334 3103 388 3161 XX,
410 3105 432 3151 1.
456 3107 553 3151 aulem.-
577 3116 594 3151 s
606 3101 659 3152 add
669 3107 729 3167 past
740 3104 802 3151 laec
815 3100 819 3167 Ι
833 3103 875 3152 die
886 3102 914 3165 (c
927 3103 953 3151 iu
965 3100 1017 3165 die)
1031 3105 1089 3151 tert.
1099 3101 1171 3165 pros.
1184 3117 1259 3150 suae:
1284 3099 1367 3150 redd
1380 3101 1463 3150 austu·

264 3189 377 3238 lantibus
388 3189 425 3237 eis
443 3185 447 3254 Ι
467 3190 571 3239 Maria.-
595 3202 632 3238 sn
647 3204 736 3253 praem
749 3188 823 3238 beata
837 3186 841 3255 Ι
854 3189 931 3239 nimie
943 3187 1007 3238 solis
1018 3188 1113 3237 ardere
1125 3186 1153 3250 (c
1166 3186 1296 3250 ardeat.)
1316 3194 1347 3237 ut
1359 3199 1407 3249 nc;
1427 3203 1464 3240 u>

262 3276 341 3324 niurio
355 3272 382 3337 (A
396 3274 510 3336 nimium)
528 3275 615 3324 calere
627 3274 690 3325 selis
706 3270 711 3339 Ι
735 3274 779 3325 Sic
792 3290 854 3324 vero
868 3289 899 3324 nr
919 3276 1025 3324 Factum
1042 3278 1080 3322 est
1097 3277 1180 3322 autam
1197 3289 1252 3321 curu
1264 3273 1305 3322 die
1324 3277 1382 3322 tert.
1392 3275 1463 3338 pras.

261 3375 325 3409 suus
337 3375 404 3424 apua
422 3361 448 3408 ir
457 3361 563 3424 ydrilus
574 3360 693 3425 deficeret
704 3364 729 3409 et
741 3359 816 3408 beata
828 3360 898 3409 Mar.
916 3375 981 3422 prae
992 3360 1070 3407 rriruia
1084 3357 1171 3407 calore
1183 3361 1247 3407 esset
1255 3359 1392 3422 satipata,
1411 3360 1464 3409 ianr

264 3445 354 3510 pergit
366 3445 477 3508 reliquis
490 3445 609 3494 arnissis:
622 3444 704 3494 disits
720 3443 851 3506 Qaiescam
865 3442 869 3509 Ι
880 3444 985 3508 patruae
996 3449 1028 3492 ut
1038 3456 1084 3501 en,
1098 3443 1284 3507 spralusarumr
1297 3455 1312 3493 c
1323 3460 1364 3493 orn
1380 3441 1384 3509 Ι
1397 3445 1465 3494 dixit

263 3530 298 3577 ad
310 3530 349 3580 10.
366 3529 527 3591 Quiescamus
540 3529 567 3593 (s
581 3529 671 3589 acam)
681 3528 817 3594 paululum
830 3529 857 3592 (c
871 3528 1068 3594 aliquantulum)
1081 3528 1125 3577 sul
1137 3529 1215 3577 rumlr.
1233 3530 1286 3578 eius
1304 3527 1351 3592 (nn
1364 3530 1465 3581 arteris

260 3615 346 3678 huius)
358 3620 390 3665 ut
400 3628 488 3674 snum
501 3630 518 3665 rs
529 3614 603 3680 (pest
609 3614 767 3681 palmarum)
780 3616 860 3666 mirae
866 3615 1069 3681 pulchritudiuis
1079 3619 1105 3664 et
1113 3615 1269 3674 altitudinis,
1282 3633 1314 3665 ac
1323 3618 1366 3666 sul
1376 3617 1464 3666 uuslm

261 3703 316 3752 sisu
325 3702 512 3767 aliquantulum
520 3702 606 3751 velem
615 3703 750 3767 quiescere,
763 3706 819 3751 tum
832 3703 921 3768 pergit
925 3703 1059 3767 festinans
1068 3703 1106 3752 Io.
1114 3702 1237 3766 perducit
1246 3719 1300 3752 eam
1310 3704 1464 3768 culpaturum

261 3792 288 3838 et
298 3789 364 3838 desc.
373 3789 444 3854 sec-it
455 3788 486 3836 de
498 3787 556 3836 iaus.
571 3786 575 3852 Ι
590 3789 681 3837 Maria
698 3795 730 3838 nt
742 3800 791 3848 0133
809 3804 827 3838 ι)
841 3805 930 3854 praem
943 3789 1032 3846 beata,
1052 3801 1087 3838 Διι
1100 3789 1136 3837 ili
1148 3789 1222 3838 leata
1235 3786 1240 3855 Ι
1254 3802 1269 3839 c
1282 3792 1395 3855 respexit
1407 3817 1415 3827 ·
1428 3793 1463 3842 vi·

262 3875 371 3939 deusque
384 3875 486 3938 ·pemis
496 3874 564 3923 diuit
577 3873 581 3940 Ι
596 3887 612 3922 s
629 3875 663 3923 ad
676 3890 794 3937 coronans
803 3873 883 3938 palm.
897 3875 962 3923 vidit
972 3874 1098 3938 repletam
1106 3876 1190 3938 pomis
1208 3880 1233 3925 et
1250 3876 1302 3925 ait:
1316 3873 1320 3942 Ι
1332 3877 1429 3940 pomis:
1446 3891 1463 3927 Β

263 3958 315 4008 add
329 3975 393 4023 quas
405 3959 502 4007 dattuli
512 3963 636 4007 serantur
650 3957 654 4023 Ι
668 3959 794 4008 Desidere
809 3961 836 4017 (c
849 3959 1011 4008 Desiderium
1029 3960 1090 4007 mili
1108 3957 1157 4022 est)
1175 3961 1199 4008 si
1211 3959 1258 4023 (au
1271 3961 1310 4022 ut)
1324 3987 1333 3997 ·
1346 3963 1403 4011 istis
1416 3959 1463 4024 (co

262 4043 316 4106 om)
330 4069 338 4078 ·
348 4043 505 4107 perciperem
518 4048 549 4091 ut
559 4055 647 4101 anem
661 4056 677 4090 s
691 4043 903 4108 Osipassitjleri
915 4047 943 4091 ut
954 4059 985 4092 ea
998 4043 1055 4092 istis
1058 4044 1192 4107 fructibus
1199 4045 1302 4107 palaeae
1307 4047 1464 4110 perciperem

264 4124 269 4192 Ι
283 4140 319 4176 Aa
331 4129 377 4176 doc
389 4132 414 4176 te
425 4127 485 4185 dia,
498 4141 514 4176 rs
527 4133 551 4176 te
562 4129 624 4177 llaec
635 4128 685 4176 die.
700 4125 704 4191 Ι
719 4132 829 4191 quantas
842 4133 885 4176 etc
898 4136 929 4176 nt
940 4140 1010 4186 Λιιυῑ
1025 4133 1170 4193 aquariam
1183 4129 1344 4180 altitudinem
1356 4131 1465 4181 lateant

263 4214 330 4262 rami
336 4212 441 4277 palmae
452 4214 534 4272 laius,
547 4217 672 4262 stastum
683 4213 844 4263 altitudinem
852 4214 955 4278 palmas
963 4215 1037 4263 iuius
1050 4213 1055 4280 Ι
1069 4218 1094 4263 et
1103 4214 1169 4278 quod
1179 4211 1209 4276 (n
1217 4214 1326 4279 quidese)
1338 4220 1365 4264 tu
1378 4221 1421 4266 ete
1434 4220 1465 4267 ut

264 4313 333 4360 anm
353 4313 369 4349 e
383 4299 434 4349 Sed
446 4304 474 4350 tu
486 4300 584 4365 widem
595 4301 627 4350 de
635 4301 740 4365 palmas
751 4301 825 4350 luius
834 4302 945 4366 sructil.
960 4302 1072 4365 capitam
1091 4313 1106 4350 c
1120 4316 1161 4350 em
1177 4297 1181 4366 Ι
1196 4301 1254 4366 Epa
1266 4304 1347 4367 mapis
1359 4329 1368 4339 ·
1381 4304 1464 4369 capite

1482 4032 1489 4059 t

264 4391 295 4436 ut
307 4399 377 4446 sem
395 4398 429 4435 cs
441 4401 486 4449 epo
496 4389 578 4435 autem
596 4385 623 4450 (c
636 4386 689 4436 sdd
699 4384 860 4451 pravissime)
872 4387 904 4436 de
923 4403 991 4452 apua
1003 4387 1086 4452 sopita
1098 4382 1103 4452 Ι
1119 4403 1183 4452 quae
1196 4413 1204 4424 ·
1217 4389 1312 4455 deserit
1324 4388 1353 4452 (n
1366 4389 1463 4456 deficit)

264 4473 291 4523 iu
300 4473 375 4524 utril.
386 4478 591 4532 ntscne3n01n
606 4469 610 4540 Ι
624 4478 650 4524 et
659 4491 723 4525 uon:
735 4488 751 4524 n
762 4475 879 4539 queniam
888 4490 937 4525 aaa
951 4470 955 4539 Ι
969 4474 1099 4525 talamus.-
1113 4475 1191 4525 redd
1200 4476 1252 4526 iam
1265 4473 1269 4543 Ι
1284 4477 1350 4526 unde
1360 4503 1368 4513 ·
1378 4477 1463 4527 ualea-

264 4577 318 4611 mus
332 4569 364 4612 ut
379 4574 429 4620 su;
446 4573 490 4621 nc?
500 4561 565 4610 uude
582 4560 609 4624 (c
623 4560 676 4611 add
693 4578 734 4612 ees
752 4562 852 4626 replere
869 4561 925 4624 aut)
937 4578 983 4612 aes
995 4562 1065 4627 ipses
1076 4562 1188 4629 refecill.
1201 4564 1346 4622 deleamus,·
1366 4578 1381 4614 rs
1399 4564 1464 4614 sude

265 4665 311 4702 nes
322 4647 361 4700 uel
374 4648 498 4698 animalia
510 4649 648 4713 refocillare
656 4650 783 4714 pessimus

334 4738 359 4787 2.
378 4734 525 4786 hetcmltu
537 4741 569 4784 ut
581 4748 653 4796 snm
668 4748 701 4785 cs
714 4751 756 4786 om
770 4731 774 4801 Ι
789 4737 814 4784 iu
827 4736 883 4785 sinu
897 4734 924 4799 (r
937 4735 990 4785 edd
1003 4736 1121 4802 siralais)
1134 4737 1225 4787 matris
1237 4753 1297 4788 suae
1310 4741 1340 4788 ut
1351 4750 1414 4796 res,
1428 4750 1463 4790 cn
