3458 5640
719 606 990 660 reconsounsa.
1029 678 1031 683 Ι
1247 682 1254 694 ι
1363 623 1453 671 xm

255 761 294 828 de
321 761 464 827 infantia
486 760 669 829 Salvatoris
695 756 919 824 instituendus
942 763 1000 824 est
1046 758 1143 845 Quod
1168 780 1268 844 quam
1290 762 1376 827 male
1398 760 1454 827 ha·

253 875 344 958 beat,
375 876 441 940 iam
473 873 552 939 olim
584 873 688 938 sensit
718 872 746 939 is
778 872 834 956 qui
866 869 1007 937 alterum
1036 872 1224 939 litterarum
1256 873 1453 960 Hieronymi

253 989 347 1054 finxit
374 988 559 1071 exemplum
572 987 612 1070 ¹),
644 987 679 1051 in
703 1005 768 1069 quo
798 983 869 1050 sola
891 984 1048 1051 nativitas
1071 984 1202 1051 Mariae
1225 1008 1263 1053 eo
1279 987 1453 1053 ‚Matthaei
1562 1040 1565 1047 .

253 1100 421 1184 evangelio
447 1099 534 1165 tradi
562 1099 615 1164 bis
638 1097 773 1178 dicitur,
805 1097 896 1161 nulla
921 1119 1057 1180 prorsus
1083 1099 1243 1164 infantiae
1267 1097 1452 1165 Salvatoris

253 1213 418 1277 mentione
442 1211 575 1275 iniecta.
619 1208 846 1292 Reperiuntur
870 1214 980 1273 autem
1003 1210 1201 1292 posteriores
1223 1211 1307 1275 istae
1330 1211 1451 1276 Hiero·

252 1323 340 1404 nymi
362 1322 495 1386 litterae
518 1321 621 1385 multo
646 1320 753 1384 rarius
776 1319 810 1383 in
834 1317 1002 1383 codicibus
1026 1341 1124 1402 quam
1146 1321 1284 1403 priores,
1306 1320 1347 1386 ad
1370 1342 1450 1404 qua·

253 1454 324 1496 rum
348 1431 612 1497 emendationem
635 1431 788 1495 inventae
811 1435 898 1494 sunt:
928 1430 1007 1494 mibi
1030 1430 1162 1512 quidem
1185 1451 1225 1495 ex
1247 1431 1449 1496 editionibus

252 1548 381 1608 tantum
409 1563 546 1625 operum
573 1541 771 1625 Hieronymi
799 1540 1031 1623 innotuerunt,
1062 1540 1148 1606 unde
1176 1541 1221 1607 in·
1238 1541 1449 1607 collectiones

251 1654 513 1740 apocryphorum
550 1654 763 1719 transierunt.
817 1652 973 1719 Ceterum
1004 1652 1194 1720 emendator
1224 1653 1281 1719 ille
1316 1653 1447 1719 incaute

250 1769 312 1834 hoc
333 1769 414 1834 fecit
433 1767 521 1852 quod
544 1767 772 1851 episcoporum
795 1766 923 1831 litteras
946 1765 1088 1832 intactas
1110 1765 1256 1850 reliquit,
1276 1765 1448 1850 inquibus

250 1875 381 1964 pariter¹
406 1883 508 1963 atque
539 1880 573 1944 in
605 1879 801 1961 Hieronymi
833 1899 989 1962 responso
1022 1878 1061 1943 de
1095 1878 1238 1944 infantia
1262 1877 1445 1945 Salvatoris

252 2013 360 2058 sermo
384 1996 441 2057 est
1256 2002 1261 2011 '
1425 2058 1429 2067 ,

337 2110 465 2198 Quibus
494 2134 534 2177 ex
562 2110 711 2176 omnibus
740 2110 866 2175 clarum
895 2111 944 2194 fit,
974 2109 1131 2194 epistolas
1159 2109 1386 2193 episcoporum
1415 2111 1449 2175 et

173 2210 182 2229 ⁹
250 2224 446 2309 Hieronymi
469 2245 533 2288 non
556 2244 654 2307 posse
676 2223 718 2287 ab
743 2223 813 2306 ipso
836 2222 1009 2289 inventore
1028 2223 1197 2307 evangelio
1213 2208 1253 2288 de
1272 2221 1448 2288 nativitato

250 2335 379 2403 Mariae
414 2336 578 2420 praefixas
611 2357 699 2417 esse,
736 2357 843 2420 neque
875 2336 979 2420 magis
1011 2356 1085 2401 eum
1121 2334 1270 2401 libellum
1301 2333 1448 2400 Pseudo·

247 2446 414 2514 Matthaei
437 2448 568 2514 nomino
587 2448 709 2532 quippe
734 2470 773 2513 ex
796 2446 912 2513 iisdem
936 2446 1084 2531 epistolis
1107 2446 1256 2512 desumto
1279 2467 1375 2530 posse
1397 2446 1446 2511 in·

249 2560 373 2645 signiri.
418 2561 460 2626 In
488 2561 594 2626 altero
623 2581 702 2625 vero
727 2559 814 2625 libro
839 2559 896 2642 qui
919 2566 952 2624 et
975 2564 1025 2624 est
1047 2562 1081 2624 et
1102 2558 1293 2624 inscribitur
1316 2561 1352 2622 de
1378 2569 1447 2622 ortu

248 2675 372 2738 Mariae
392 2685 421 2737 er
441 2677 574 2759 inffantia
596 2673 777 2753 Saloutaria,
800 2671 885 2736 nihil
907 2672 1109 2737 contrarium
1131 2671 1273 2737 habetur
1295 2670 1444 2754 epistolis

247 2786 328 2866 illis,
357 2806 439 2869 quas
462 2791 497 2850 et
518 2784 603 2868 ipse,
631 2790 669 2849 ut
691 2784 844 2865 vidimus,
870 2784 905 2849 in
928 2784 1073 2868 antiquis
1100 2782 1193 2849 codd.
1215 2782 1327 2848 multis
1349 2803 1442 2866 prae-

247 2897 373 2983 positas
400 2896 516 2963 habet:
543 2902 747 2982 quapropter
774 2896 851 2962 huic
873 2896 991 2962 titulus
1014 2894 1442 2979 evangelii'Pseudo-Mat·

248 3011 334 3077 thasi
358 3034 397 3077 ex
420 3012 551 3077 illarum
576 3011 793 3094 epistolarum
816 3009 1015 3076 auctoritate
1038 3007 1261 3075 restituendus
1287 3013 1365 3073 erat.

332 3130 406 3196 Iam
434 3153 511 3196 vero
540 3130 616 3196 sede
643 3131 762 3196 harum
791 3131 1002 3214 epistolarum
1034 3129 1105 3195 iure
1137 3134 1265 3194 mutata
1294 3133 1443 3194 mutatur

248 3241 347 3305 etiam
370 3241 528 3305 iudicium
551 3241 590 3305 de
613 3240 788 3323 utriusque
811 3240 886 3304 libri
910 3245 1032 3319 aetate,
1057 3239 1212 3319 oonsilio,
1236 3240 1442 3321 auctoritate,

248 3351 336 3433 quod
357 3351 392 3415 in
416 3351 647 3416 dissertatione
670 3356 786 3416 nostra
814 3353 849 3413 de
875 3352 1094 3435 eoaayeliorum
1117 3353 1360 3435 apocryphorum
1382 3354 1441 3414 ori·

242 3465 313 3546 piae
342 3472 371 3523 et
399 3483 456 3522 usu
492 3462 529 3544 §o
556 3463 603 3524 11.
635 3464 669 3524 et
702 3463 750 3523 12.
782 3461 926 3524 fecimus
976 3461 1032 3524 Ad
1064 3460 1151 3542 quod
1183 3460 1270 3524 enim
1301 3461 1442 3526 maxime

244 3568 492 3654 compilatorem
509 3599 511 3604 v
531 3570 738 3653 evangelium
772 3571 811 3635 de
848 3571 1022 3636 nativitate
1053 3571 1182 3635 Mariae
1220 3572 1442 3653 composuisse

243 3681 290 3746 ibi
318 3680 473 3762 diximus,
507 3688 545 3745 ut
573 3685 691 3746 contra
718 3681 917 3763 haereticos,
944 3682 1141 3747 nominatim
1167 3680 1381 3747 Manichaeos
1409 3688 1442 3747 et

243 3791 481 3875 Montanistas‚
510 3799 696 3858 commento
727 3791 766 3858 de
788 3792 940 3859 Levitico
969 3815 1088 3877 genere
1110 3793 1241 3858 Mariae
1269 3792 1364 3858 unice
1389 3792 1441 3858 de·

242 3906 382 3971 lectatos
412 3903 606 3969 Dauidicam
638 3904 769 3971 Mariae
801 3906 939 3989 virginis
970 3905 1162 3989 progeniem
1195 3905 1372 3985 evinceret,
1407 3904 1441 3968 id

243 4018 376 4100 utrique
398 4016 567 4100 evangelio
592 4039 763 4081 commune
787 4022 844 4082 est.
888 4018 995 4083 Porro
1020 4017 1052 4081 iu
1072 4016 1339 4083 commendandis
1353 4016 1440 4082 vitae

241 4128 443 4194 monasticae
472 4128 658 4211 praeceptis
686 4150 785 4211 gravo
814 4127 896 4193 illud
919 4128 1071 4193 duximus
1094 4128 1182 4213 quod
1205 4134 1322 4194 auctor
1345 4149 1440 4193 evan·

240 4239 318 4324 gelii
350 4239 390 4305 ds
422 4239 596 4305 nativitate
627 4239 757 4304 Mariae
789 4239 874 4322 VII,
906 4243 934 4307 4.
971 4240 1169 4324 scripturam
1200 4239 1439 4324 proterangelii

241 4374 311 4436 cap.
323 4351 424 4419 VIII.
448 4352 533 4416 τοὺσ
555 4352 770 4437 >rupe-domuc
792 4351 855 4417 τοῦ
877 4349 966 4417 λαοῦ
989 4352 1132 4419 reddidit
1154 4353 1289 4437 „nuptui
1311 4350 1438 4417 habiles

240 4485 306 4531 non
330 4466 559 4550 coniugatos“,
587 4488 725 4549 quorum
750 4465 821 4531 loco
844 4465 1183 4532 Pseudo-Matthaeus
1206 4472 1319 4531 noster
1340 4463 1438 4529 habet

328 4692 349 4759 ¹)
367 4694 400 4745 lu
418 4696 609 4746 commentario
629 4695 818 4761 adscripsimus
836 4712 896 4761 pag.
909 4698 952 4747 52.
