3458 5640
266 598 328 662 104
389 598 721 651 Peenno-urrunnu
740 598 980 651 svaudunum.
1008 600 1080 653 CAP.
1098 598 1217 651 XXXIV.
1235 596 1338 647 XXXV.

702 847 823 917 Carus
845 849 1023 920 XXXIV.

351 1022 483 1089 Iterum
500 1022 648 1108 (predam
666 1022 721 1089 die
745 1024 850 1090 exivit
872 1025 907 1090 in
924 1046 1044 1109 agrum
1065 1032 1100 1091 et
1115 1023 1198 1089 tulit
1213 1044 1334 1108 parum
1351 1022 1464 1089 tritici

267 1125 309 1192 de
326 1125 450 1193 horreo
466 1129 586 1194 metris
605 1149 703 1212 suae,
727 1136 762 1194 et
781 1129 869 1194 illud
891 1130 966 1215 ipse
986 1130 1177 1195 seminavit.
1207 1127 1256 1192 Et
1271 1134 1390 1193 natum
1407 1133 1463 1193 est

267 1238 303 1297 et
325 1232 431 1298 crevit
449 1237 485 1297 et
505 1231 775 1316 multiplicatum
797 1240 852 1299 est
873 1234 986 1300 nimis.
1017 1232 1065 1299 Et
1083 1233 1212 1300 laetum
1234 1239 1288 1298 est
1308 1231 1461 1316 denique

266 1343 306 1401 ut
320 1337 395 1420 ipse
412 1342 569 1418 meteret,
588 1343 623 1402 et
639 1336 783 1420 collegit
797 1338 932 1403 fructus
950 1359 991 1403 ex
1008 1358 1048 1403 eo
1064 1344 1136 1404 tres
1154 1337 1286 1418 choros,
1305 1344 1340 1402 et
1355 1335 1466 1402 dona·

265 1438 314 1503 vit
329 1437 584 1522 multiplicibus
601 1439 684 1504 suis.

714 1657 834 1726 (larus
855 1661 1014 1729 XXXV.

350 1831 417 1897 Est
430 1831 485 1898 via
495 1851 584 1916 quae
602 1832 673 1898 exit
688 1831 730 1897 de
741 1831 879 1899 Iericho
897 1839 933 1899 et
948 1832 1063 1898 tendit
1078 1832 1120 1899 ad
1132 1831 1293 1899 Iordanis
1309 1831 1466 1915 fluvium,

265 1933 327 2000 nbi
348 1935 565 2000 transierunt
588 1933 651 1999 filii
672 1934 797 2002 Israel:
825 1934 875 1999 ibi
896 1955 977 2000 arca
998 1935 1200 2001 testamenti
1221 1935 1351 2000 dicitur
1370 1955 1464 2001 rese·

266 2037 370 2102 disse.
414 2037 462 2104 Et
483 2045 559 2104 erat
580 2036 682 2103 Iesus
707 2059 875 2104 annorum
899 2046 976 2104 octo
1000 2044 1035 2104 et
1057 2040 1161 2104 exivit
1181 2038 1223 2104 de
1245 2037 1400 2119 Iericho,
1427 2044 1463 2103 et

265 2139 339 2206 ibat
359 2139 403 2205 ad
419 2139 615 2205 Iordanem.
645 2140 693 2204 Et
716 2147 790 2206 erat
806 2162 906 2207 secus
923 2143 1011 2206 viam
1034 2149 1154 2225 crypta
1174 2162 1282 2224 prope
1298 2140 1462 2207 Iordanis

265 2245 375 2327 ripam
392 2243 452 2307 ubi
469 2243 593 2308 leaena
603 2243 738 2309 catulos
755 2244 949 2324 nutriebat3
966 2250 1002 2309 et
1017 2243 1135 2309 nullus
1152 2244 1463 2327 poteratperviarn

265 2366 408 2411 securus
430 2346 618 2410 ambulare.
656 2345 813 2413 Veniens
835 2353 950 2411 autem
972 2345 1072 2412 Iesus
1097 2346 1138 2410 de
1160 2344 1314 2427 Iericho,
1336 2365 1463 2428 cogno·

265 2468 365 2513 scens
383 2448 475 2532 quod
493 2449 528 2513 in
547 2454 666 2532 crypta
681 2448 744 2534 illa
759 2449 883 2515 leaena
897 2447 988 2515 filios
1006 2469 1087 2515 suos
1104 2454 1322 2534 generasset,
1345 2447 1463 2513 viden·

263 2551 358 2618 tibus
376 2552 511 2617 cunctis
527 2552 686 2618 introivit
702 2553 736 2618 iu
755 2574 841 2619 eam.
875 2550 926 2618 At
940 2553 1000 2619 ubi
1016 2553 1179 2619 viderunt
1193 2553 1315 2618 leones
1330 2550 1464 2635 Iesum,

264 2663 494 2723 cucurrerunt
509 2656 540 2722 ei
557 2655 690 2723 obviam
709 2662 744 2724 et
758 2656 992 2724 adoraverunt
1007 2678 1095 2724 eum.
1134 2657 1183 2723 Et
1198 2656 1298 2723 Iesus
1316 2655 1464 2722 sedebat

264 2761 299 2825 in
321 2780 481 2841 caverna,
508 2766 543 2825 et
563 2760 671 2827 catuli
691 2762 831 2828 leonum
855 2760 1098 2828 discurrebant
1123 2763 1215 2827 circa
1238 2761 1348 2846 pedes
1374 2762 1467 2842 eius,

263 2861 486 2928 blandientes
513 2884 589 2928 cnm
616 2883 655 2928 eo
682 2871 718 2928 et
741 2863 914 2929 ludentes.
952 2862 1091 2930 Leones
1115 2884 1195 2929 vero
1221 2863 1379 2930 seniores
1405 2862 1464 2930 de·

245 2966 370 3032 'misso
393 2965 506 3050 capite
529 2986 549 3031 a
569 2965 673 3050 longe
696 2966 837 3032 stabant
857 2972 893 3032 et
912 2966 1145 3033 adoraverunt
1164 2988 1256 3049 eum,
1283 2971 1319 3031 et
1340 2967 1464 3032 caudis

267 3070 339 3136 suis
355 3067 630 3135 blandiebantur
647 3076 728 3136 ante
748 3091 836 3136 eum.
873 3069 972 3136 Tunc
988 3071 1140 3155 populus
1158 3072 1217 3156 qui
1240 3071 1378 3152 alonge
1396 3076 1466 3134 sta·

267 3173 338 3254 bat,
356 3193 425 3237 non
441 3172 561 3238 videns
577 3170 705 3254 Iesum,
723 3172 823 3237 dixit:
855 3173 925 3239 Hic
942 3176 1010 3240 nisi
1027 3176 1144 3259 gravia
1160 3173 1304 3240 fecisset
1318 3180 1464 3255 peccata

337 3381 454 3431 xxm.
472 3381 656 3444 multiplicibus
673 3383 740 3431 suis:
762 3383 801 3432 its
818 3384 947 3454 scriptum
965 3388 1007 3432 est
1026 3383 1053 3432 in
1074 3381 1166 3432 codice
1184 3398 1209 3430 s.
1248 3382 1287 3432 Cf.
1307 3385 1378 3434 infru
1397 3401 1466 3449 quse

268 3469 361 3517 borum
375 3469 434 3516 loco
448 3468 476 3517 in
489 3466 547 3516 cod.
561 3467 725 3532 releguntur.
751 3466 783 3516 In
796 3467 846 3516 boc
859 3472 948 3516 eutem
962 3467 1054 3517 codiee
1068 3467 1188 3531 hydriam
1202 3476 1407 3532 conquassatum
1422 3487 1465 3520 os·

268 3553 374 3616 cipiunt
392 3552 559 3602 uenationes
579 3552 612 3600 de
628 3567 717 3602 morsu
736 3554 843 3616 viperae
862 3552 936 3602 etde
950 3553 1102 3615 passeribus
1122 3567 1152 3600 cx
1166 3554 1223 3601 luto
1237 3555 1325 3602 lectis.
1351 3555 1415 3603 Tum
1433 3571 1465 3605 es

269 3649 337 3701 quse
350 3644 392 3686 est
405 3635 438 3686 de
451 3637 544 3686 tritico
557 3637 686 3700 sequitur,
699 3636 742 3686 his
755 3640 887 3700 concepta
899 3637 1001 3685 vorbis:
1028 3637 1087 3685 Cum
1099 3640 1163 3684 esset
1175 3636 1247 3685 Iesus
1258 3653 1381 3687 ausorum
1392 3641 1464 3702 quis·

268 3721 356 3779 dedus,
369 3721 478 3785 quodem
490 3720 531 3771 ‹lis
543 3719 604 3770 tulit
615 3722 727 3770 triticum
736 3721 767 3770 ds
776 3722 866 3771 donec
874 3721 966 3770 matris
977 3737 1037 3770 succ
1050 3717 1104 3784 [et]
1118 3722 1256 3789 respiravit.
1276 3722 1356 3771 Aliud
1367 3723 1464 3786 (codex

268 3805 346 3869 illud)
358 3820 435 3869 super
443 3810 546 3870 petram
558 3807 657 3865 cecidit,
670 3807 736 3871 quod
748 3809 872 3857 tumorem
884 3822 933 3856 sos
942 3807 1042 3863 irrubuit,¹
1057 3806 1129 3855 aliud
1141 3808 1168 3855 s'rs
1181 3812 1276 3856 terram
1288 3808 1384 3867 boscis,
1398 3811 1465 3873 quod

269 3897 355 3942 aarum
367 3897 418 3951 est,
435 3896 460 3942 st
478 3908 509 3941 ea
527 3907 554 3942 so
567 3891 670 3956 eollepil
682 3896 779 3942 cautum
790 3893 876 3942 corbes
888 3894 970 3942 tritici
981 3897 1148 3942 mensuratus.
1179 3893 1284 3943 Voeaoit
1293 3910 1421 3959 pauperes
1434 3913 1466 3944 ac

268 3977 376 4037 debiles,
392 3979 483 4027 viduas
498 3983 523 4028 et
535 3979 678 4042 crpbauas,
696 3983 722 4028 et
739 3980 775 4028 eis
787 3980 899 4028 triticum
911 3980 1039 4042 croperia
1055 3979 1099 4028 sed
1112 3976 1219 4043 [etism]
1232 3980 1323 4043 Ioseph
1341 3980 1376 4029 ad
1388 3982 1465 4046 isupe-

269 4065 335 4112 risms
352 4063 432 4126 ipsius
449 4063 510 4113 tulit
521 4064 643 4114 modicum
655 4080 706 4128 pro
719 4064 887 4114 benedictione
904 4065 931 4112 in
943 4063 1014 4113 domo
1027 4080 1081 4113 suc.
1106 4062 1146 4112 cf.
1160 4080 1254 4129 evang.
1267 4065 1359 4115 Thone.
1372 4066 1465 4116 Lstin.

269 4163 327 4211 esp.
339 4147 380 4205 X..
394 4149 436 4197 cui
447 4149 528 4199 etism
540 4149 730 4213 adscripsimus
743 4163 811 4213 quse
824 4148 1004 4198 consimilius>
1017 4148 1135 4211 praebet.

338 4231 442 4281 XXXV.
461 4232 534 4282 Hsec
553 4233 586 4282 de
605 4239 699 4298 crypts
716 4234 823 4283 leonum
841 4232 960 4281 nassutio
979 4233 1007 4280 iu
1021 4233 1112 4282 codice
1125 4244 1142 4280 n
1155 4247 1209 4281 non
1221 4234 1329 4297 legitur,
1353 4234 1469 4299 Legitur

270 4331 332 4367 vero
345 4317 373 4367 in
386 4329 404 4364 1>
418 4317 511 4368 codice
524 4332 554 4368 eo
569 4319 657 4382 cupite
671 4317 742 4382 quod
755 4317 913 4381 inscriptum
928 4323 984 4367 est:
1010 4315 1136 4378 Quomodo
1150 4316 1285 4380 (Quando)
1298 4318 1371 4367 Iesus
1382 4320 1468 4368 iutro·

269 4403 307 4452 nit
319 4403 345 4450 iu
358 4407 469 4468 cryptam
483 4401 604 4452 lemnam.

340 4489 391 4538 Est
400 4489 442 4538 ria
454 4514 463 4526 ·
476 4489 577 4539 Rerico
589 4515 598 4526 ·
610 4489 653 4539 ubi
665 4490 744 4539 archa
757 4516 765 4526 ·
779 4504 901 4538 ausorum
910 4492 1003 4553 septem
1015 4492 1040 4538 el
1051 4489 1114 4539 euiil
1125 4489 1156 4538 (le
1165 4489 1266 4538 Iberico
1279 4515 1287 4525 ·
1301 4490 1371 4539 Erat
1383 4496 1468 4540 autem

271 4590 341 4624 secus
353 4600 362 4610 ·
372 4591 422 4640 per
433 4576 500 4625 eiam
511 4574 584 4626 illam
597 4601 606 4612 ·
624 4574 731 4626 Versiess
743 4581 825 4627 autem
836 4577 868 4626 de
882 4576 982 4626 Iberioc
995 4576 1067 4626 Iesus
1079 4581 1104 4625 el
1116 4592 1263 4641 copnoseeus
1275 4577 1336 4641 quio
1348 4602 1357 4614 ·
1371 4578 1470 4627 eunctis

270 4661 412 4711 videntibus
428 4663 455 4711 iss
471 4663 654 4713 emuliutroisil
667 4689 676 4700 ·
688 4668 855 4714 occurrerunt
865 4663 889 4711 si
901 4664 1019 4712 obvium·
1034 4663 1107 4712 Iesus
1118 4668 1200 4713 autem
1213 4689 1221 4700 ·
1235 4663 1320 4712 bland.
1333 4668 1359 4714 st
1371 4663 1470 4713 ludeul.

271 4763 325 4796 cum
342 4763 379 4798 so.
403 4746 501 4798 raom
517 4765 577 4799 sero
593 4750 698 4799 demisso
717 4774 726 4787 ·
743 4750 887 4800 derodant
900 4775 909 4786 ·
922 4755 947 4799 st
964 4766 1013 4800 sos
1031 4748 1117 4799 sirim
1134 4749 1184 4798 les.
1202 4749 1303 4799 dicebat
1315 4775 1324 4787 ·
1336 4749 1470 4800 obtulisset
