3458 5640
534 562 699 613 HISTORIA
718 562 870 614 Iosqu.
897 559 972 615 CAP.
992 563 1071 615 XXV.
1089 563 1184 614 XXVI.
1397 561 1457 625 185

262 710 384 795 (Haec)
409 710 468 775 ubi
494 711 703 776 audiverunt
727 709 829 776 liberi
853 710 929 776 eius
951 734 1004 778 me
1027 710 1228 797 loquentem
1250 733 1326 778 eum
1347 718 1456 779 matre

262 837 338 882 mea
352 815 484 900 virgine
502 836 599 898 pura,
623 819 860 900 cognoverunt
875 836 953 880 eum
969 817 1036 881 iam
1054 816 1260 900 exspirasse,
1283 814 1458 882 admixtis-

262 940 329 1005 que
345 919 497 985 lacrimis
516 920 702 984 eiularunt.
733 918 816 984 Dixi
834 926 949 985 autem
968 919 1056 985 illie:
1083 919 1212 1005 Utique
1236 942 1328 986 more
1348 921 1457 1004 patris

260 1026 538 1092 vestrimersnou
553 1031 607 1090 est
617 1023 758 1090 sedvita
767 1025 992 1109 sempiterna:
1005 1025 1134 1091 etenim
1145 1024 1315 1091 liberatus
1327 1046 1459 1090 aerum·

261 1130 316 1197 nie
338 1129 441 1195 huius
463 1128 596 1195 saeculi
621 1127 664 1193 ad
686 1126 842 1211 requiem
867 1128 1009 1193 transiit
1032 1134 1252 1213 perpetuam,
1279 1135 1459 1195 aeternum

261 1233 474 1300 duraturam.
505 1233 615 1298 Hisce
633 1230 764 1297 auditis
781 1231 962 1297 sciderunt
976 1236 1091 1298 vestes
1109 1254 1189 1299 suas
1206 1230 1341 1298 flentes.

729 1470 849 1537 Genus
872 1470 992 1538 XXV.

347 1629 396 1696 Et
418 1628 557 1715 quidem
578 1627 714 1694 incolae
730 1628 851 1714 (urbis)
867 1626 1044 1694 Nazareth
1066 1634 1103 1694 et
1121 1627 1254 1713 (totius)
1277 1626 1458 1695 Galilaeae

264 1737 404 1824 cognito
429 1735 584 1819 ipsorum
606 1733 748 1818 planctu
774 1733 817 1798 ad
844 1754 903 1798 eos
925 1731 1139 1815 confluxere,
1166 1738 1202 1799 et
1221 1733 1391 1799 fleverunt
1415 1732 1457 1799 ab

263 1842 350 1910 hora
372 1841 479 1906 tertia
502 1860 612 1924 usque
638 1838 681 1903 ad
707 1859 842 1903 nonam.
888 1836 988 1902 Hora
1012 1843 1127 1903 autem
1154 1859 1247 1903 nona
1272 1858 1390 1904 omnes
1415 1835 1458 1902 ad

265 1943 463 2012 cubiculum
481 1945 556 2008 eius
573 1941 740 2026 (Iosoplri)
757 1941 858 2005 simul
876 1940 1068 2005 abiverant.
1104 1938 1223 2024 Atque
1241 1939 1461 2006 sustulerunt

266 2070 392 2133 corpus
410 2048 495 2128 ciue,
512 2052 696 2129 postquam
713 2043 800 2107 illud
818 2044 1007 2126 unguentis
1023 2043 1231 2111 sublimibus
1249 2045 1459 2110 imbuerunt.

263 2152 340 2238 Ego
361 2173 441 2217 vero
463 2149 631 2234 precabar
654 2153 787 2231 patrem
809 2168 922 2212 meum
949 2149 1107 2214 oratione
1131 2148 1348 2215 caelestium:
1374 2149 1461 2215 haee

266 2256 386 2324 eedem
411 2254 472 2321 illa
497 2259 572 2341 (est)
599 2275 700 2338 quam
725 2275 828 2318 manu
851 2275 927 2319 mea
948 2253 1046 2336 prius
1073 2253 1209 2319 exaravi
1233 2274 1334 2338 quam
1359 2259 1458 2320 utero

264 2366 425 2448 portares
442 2360 577 2426 Mariae
599 2358 743 2443 virginis
764 2358 885 2423 matris
908 2380 1014 2424 meae.
1055 2355 1165 2425 Simul
1187 2361 1303 2424 autem
1324 2379 1364 2424 ao
1385 2379 1460 2425 eam

264 2467 395 2535 absolvi
422 2471 458 2532 et
480 2463 656 2531 enuntiavi
680 2485 796 2545 umen,
827 2463 951 2546 ingens
974 2462 1177 2547 angelorum
1197 2461 1384 2529 multitudo
1406 2483 1461 2529 ao·

265 2571 385 2651 ceseit3
402 2569 609 2653 duobusque
629 2590 670 2634 ex
686 2567 758 2632 illis
775 2567 933 2632 mandavi
957 2571 996 2631 ut
1010 2573 1140 2633 vestem
1157 2566 1395 2651 expanderent
1409 2568 1459 2634 lu-

264 2674 376 2742 cidam
393 2695 503 2759 eaque
522 2694 647 2757 corpus
665 2672 758 2737 senis
776 2670 953 2736 benedicti
970 2670 1114 2755 Iosephi
1131 2670 1362 2737 obvolverent.

719 2911 840 2979 Ornos
863 2912 1003 2980 XXVI.

348 3072 398 3139 Et
420 3072 545 3138 affatus
566 3069 754 3155 Iosephum
781 3069 865 3134 dixi:
896 3070 976 3136 Non
999 3070 1237 3136 deminabitur
1260 3070 1352 3136 inte
1375 3069 1460 3136 odor

263 3178 385 3245 mertis
406 3178 460 3241 vel
479 3177 608 3257 foetor,
630 3196 743 3259 nequo
764 3174 920 3257 prodibit
941 3175 1064 3239 vermis
1086 3175 1128 3240 de
1151 3195 1295 3258 corpere
1318 3180 1377 3241 tuo
1398 3197 1460 3240 un·

264 3302 376 3367 quam.
399 3279 480 3346 Non
493 3279 673 3363 frangetur
684 3277 725 3343 de
744 3298 783 3344 eo
795 3277 984 3344 membrum
994 3278 1047 3343 vel
1065 3279 1216 3360 unicum,
1234 3299 1348 3361 neque
1364 3278 1458 3344 ullus

262 3384 455 3451 mutabitur
471 3383 631 3465 incapite
648 3387 708 3447 tue
726 3381 832 3464 pilus:
851 3403 963 3464 neque
979 3382 1111 3465 peribit
1126 3383 1312 3464 quicquam
1330 3380 1372 3446 de
1387 3403 1459 3446 cor-

261 3509 346 3574 pore
363 3493 434 3568 tue,
456 3509 475 3551 o
493 3486 538 3550 mi
554 3492 654 3569 pater
670 3484 830 3569 Iosephe‚
853 3483 914 3549 sod
931 3479 1086 3549 manebit
1106 3484 1279 3567 integrum
1297 3490 1332 3549 et
1347 3483 1459 3550 incor-

261 3597 401 3677 ruptum
419 3589 589 3673 usquead
607 3590 799 3654 convivium
817 3587 911 3654 mille
928 3609 1107 3654 annorum.
1131 3587 1179 3652 Et
1196 3588 1355 3671 quisquis
1371 3610 1458 3655 mor·

260 3695 383 3763 talium
400 3715 516 3759 curam
536 3692 699 3758 habuerit
718 3692 907 3757 oblationis
924 3692 980 3756 die
998 3691 1253 3756 recordationis
1270 3697 1367 3775 tuae,
1389 3692 1457 3777 ipsi

261 3820 324 3884 ego
347 3796 553 3862 benedicam
575 3802 610 3860 et
631 3796 820 3860 retribuam
842 3796 878 3858 in
900 3795 1171 3878 congregatione
1194 3795 1375 3878 virginum.
1410 3795 1458 3861 Et

261 3901 471 3986 quicumque
490 3899 605 3963 cibum
616 3898 755 3964 dederit
769 3899 906 3964 miseris
924 3898 1137 3982 pauperibus
1153 3898 1267 3963 viduis
1285 3904 1321 3963 et
1336 3899 1457 3983 orpha·

260 4005 315 4069 nis
337 4004 380 4070 de
401 4003 520 4068 laboro
543 4024 704 4066 manuum
728 4023 883 4083 suarum,
914 4002 969 4065 die
991 4024 1059 4085 quo
1087 4008 1147 4067 tua
1170 4001 1368 4066 celebratur
1389 4023 1457 4067 me·

260 4106 378 4187 moria,
399 4104 615 4189 (etquidem)
632 4105 667 4169 in
686 4105 824 4169 nemine
843 4111 913 4183 tue,
937 4126 1005 4168 non
1022 4103 1107 4187 (ille)
1124 4103 1338 4169 destituetur
1352 4103 1454 4170 bonis

261 4209 420 4279 omnibus
440 4208 531 4273 vitae
554 4228 637 4272 suae
660 4205 793 4272 diebus.
837 4206 1005 4291 Quisquis
1029 4208 1132 4272 etiam
1155 4205 1321 4292 scyphum
1343 4229 1454 4292 aquae

260 4316 313 4385 vel
328 4316 400 4382 vini
421 4311 612 4380 bibendum
633 4310 837 4397 praebuerit
851 4312 975 4378 viduae
998 4317 1059 4378 aut
1080 4311 1235 4397 orphano
1258 4311 1293 4376 in
1316 4313 1454 4379 nomine

261 4428 332 4505 tuo,
349 4420 439 4487 dabo
456 4420 521 4486 tibi
538 4418 636 4484 illum
655 4426 693 4483 ut
708 4417 918 4502 ingrediaris
931 4440 1008 4484 eum
1023 4418 1085 4485 illo
1103 4418 1146 4484 ad
1158 4418 1349 4484 convivium
1359 4418 1454 4487 mille

263 4549 439 4595 annorum.
480 4525 674 4608 Omnisque
691 4524 792 4589 homo
811 4524 866 4589 oui
884 4546 986 4590 curae
1005 4526 1072 4591 erit
1088 4525 1219 4590 oblatio
1237 4524 1293 4590 die
1312 4546 1454 4591 comme-

263 4631 464 4699 morationis
480 4637 572 4711 tuae,
591 4629 657 4712 ipsi
674 4628 878 4694 benedicam
896 4635 931 4693 et
941 4629 1256 4695 remunerationem
1266 4629 1451 4714 praestabo

263 4739 297 4802 in
319 4736 467 4802 ecelesia
484 4734 670 4819 virginum;
692 4731 834 4799 reddam
850 4732 1015 4817 (inquam)
1038 4734 1106 4818 ipsi
1127 4755 1191 4818 pro
1212 4754 1281 4799 uno
1297 4732 1452 4818 triginta,
