3458 5640
323 639 655 692 essurio-umnam
675 642 914 693 EVANGELIUM.
942 639 1017 691 CAP.
1037 640 1185 691 xxxvm.
1205 641 1323 694 xxx1x.
1361 640 1420 703 107

641 843 761 911 Ononr
784 842 1003 910 XXXVIII.

312 964 484 1030 ¹Faotum
507 972 560 1030 est
581 965 735 1032 secundo
758 971 798 1031 ut
818 964 947 1048 Ioseph
973 970 1008 1030 et
1029 962 1145 1029 Maria
1168 969 1376 1048 rogarentur
1403 987 1423 1031 a

224 1068 354 1151 populo
375 1073 415 1132 ut
430 1068 531 1134 Iesus
549 1069 734 1135 ‹loooretur
755 1069 883 1134 litteris
905 1069 940 1131 in
958 1066 1088 1133 schola.
1126 1065 1228 1150 Quod
1250 1073 1285 1133 et
1306 1068 1427 1134 faeere'

226 1190 293 1234 non
312 1179 536 1254 negaverunt,
554 1179 589 1236 et
605 1172 794 1236 secundum
812 1177 1036 1254 praeceptum
1054 1171 1230 1235 seniorum
1247 1169 1424 1236 ducebant

226 1292 301 1333 euro
324 1272 365 1335 ad
387 1275 591 1354 magistrum
612 1280 651 1337 ut
673 1274 858 1337 doceretur·
878 1273 919 1336 ab
945 1295 985 1335 eo
1010 1273 1158 1336 scientia
1179 1271 1339 1336 humana.
1375 1272 1424 1337 Et

226 1378 309 1436 tune
334 1375 451 1456 coepit
476 1376 642 1457 magister·
672 1375 856 1456 imperiose
890 1394 967 1437 oum
993 1372 1117 1436 docere
1144 1371 1307 1438 dicendo:
1353 1372 1422 1436 Dio

223 1472 352 1558 Alphe.
384 1475 485 1541 Iesus
502 1497 580 1540 vero
599 1475 687 1541 dixit
703 1476 750 1540 ei:
776 1474 828 1540 Tu
846 1475 929 1539 mihi
947 1475 1004 1540 die
1020 1474 1116 1557 prius
1134 1473 1219 1558 quid
1236 1475 1282 1539 sit
1296 1473 1422 1555 Betha,

225 1584 261 1643 ot
283 1583 345 1664 ogo
364 1579 476 1645 dicam
494 1579 557 1645 tibi
576 1580 658 1664 quid
676 1581 723 1647 sit
738 1579 864 1665 Alphe.
903 1579 951 1643 Et
971 1578 1013 1644 ob
1038 1578 1102 1644 hoc
1125 1578 1291 1662 magister
1312 1578 1421 1644 iratus

224 1684 536 1767 percussitlesum,
555 1690 590 1750 et
606 1706 682 1751 mox
699 1690 883 1770 postquam
899 1683 1075 1768 percussit
1091 1703 1169 1747 enm
1185 1689 1341 1749 mortuus
1359 1689 1422 1749 est.

311 1791 322 1823 '
338 1789 386 1855 Et
400 1789 502 1856 Iesus
519 1811 676 1855 reversus
694 1788 806 1856 estad
823 1795 966 1854 matrem
984 1810 1081 1882 suam
1098 1787 1246 1853 (tomum.
1281 1786 1423 1853 Timens

225 1898 341 1958 autem
361 1892 490 1977 Ioseph
512 1894 645 1959 vocavit
663 1893 810 1959 Mariam
836 1893 880 1957 ad
906 1914 942 1958 se
968 1899 1003 1956 et
1025 1891 1113 1955 dixit
1139 1892 1183 1955 ei:
1215 1889 1307 1956 Vere
1333 1891 1422 1955 seins

227 1997 310 2079 quia
329 1997 441 2062 tristis
463 2002 516 2062 est
538 1997 653 2062 anima
668 2019 744 2061 mea
761 2018 870 2079 usque
895 1993 938 2060 ad
955 2000 1100 2058 mortem
1116 1999 1260 2076 propter
1276 2015 1422 2077 puerum

228 2096 343 2164 istum.
390 2099 487 2165 Fieri
510 2101 601 2164 enim
623 2107 740 2182 potest
765 2096 1013 2182 utaliquando
1040 2095 1169 2179 aliquis
1190 2095 1366 2177 percutiat
1386 2096 1422 2159 in

227 2201 360 2267 malitia
376 2223 520 2286 puerum
538 2202 656 2285 istum,
681 2208 716 2268 et
731 2201 908 2266 moriatur.
945 2199 1060 2265 Maria
1076 2204 1192 2264 autem
1208 2197 1423 2282 respondens

228 2305 327 2371 dixit:
359 2306 423 2374 Vir·
439 2306 504 2387 dei,
523 2306 594 2371 noli
613 2306 753 2371 credere
772 2305 865 2389 quod
882 2304 946 2370 hoo
964 2303 1038 2369 fieri
1055 2303 1177 2386 possit.
1208 2302 1282 2367 Imo
1301 2323 1422 2367 secure

228 2409 328 2475 crede
350 2408 441 2492 quod
459 2409 519 2493 qui
541 2430 618 2473 eum
642 2409 736 2474 misit
756 2409 849 2472 inter
869 2405 1026 2471 hominos
1049 2405 1162 2487 nasei,
1184 2405 1258 2488 ipse
1280 2425 1358 2470 enm
1380 2405 1422 2470 ab

227 2511 385 2577 omnibus
403 2510 681 2596 malignitatibus
700 2510 875 2577 custodiet
898 2516 933 2575 et
954 2510 990 2573 in
1008 2530 1070 2575 suo
1087 2509 1226 2574 nomine
1245 2529 1423 2575 conserva·

226 2613 428 2680 bnamMo

662 2750 782 2819 Garun
806 2749 990 2816 XXXIX.

316 2875 323 2907 ¹
342 2872 474 2939 Iterum
498 2879 707 2958 rogaverunt
731 2872 835 2939 tertio
856 2870 1004 2938 Mariam
1030 2878 1066 2936 et
1085 2868 1215 2954 Ioseph
1236 2867 1360 2935 Iudaei
1386 2876 1426 2936 ut

229 2975 272 3041 ad
288 2976 394 3041 alium
411 2978 613 3061 magistrum
630 2976 879 3043 blandimentis
900 2976 972 3041 suis
993 2974 1164 3040 ducerent
1182 2973 1225 3038 ad
1244 2973 1425 3039 addiscen-

297 3169 444 3217 xxxvnl.
463 3170 500 3219 Ex
511 3170 603 3220 codice
614 3184 629 3218 n
641 3171 692 3219 huo
703 3171 844 3234 pertineat
857 3185 888 3218 ee
898 3185 965 3232 quae
976 3169 1068 3217 rtatim
1079 3167 1265 3232 pertraditum
1277 3182 1308 3216 ex
1318 3167 1424 3232 Egypto

230 3257 379 3328 gematur.
416 3252 507 3301 Priora
528 3254 567 3301 eis
585 3253 753 3318 respondent
772 3266 838 3316 quae
860 3253 893 3301 nb
912 3253 991 3301 initio
1011 3252 1107 3316 cupitis
1130 3253 1270 3315 sequentis
1289 3252 1424 3314 leguntur,

229 3338 378 3400 posteriore
392 3339 418 3387 in
432 3343 513 3401 capnt
522 3337 669 3387 XXXVIII.
682 3337 822 3401 quadrant.
842 3339 873 3386 In
888 3337 958 3386 hune
972 3338 1042 3386 enim
1056 3336 1161 3384 modum
1175 3336 1213 3384 ihi
1226 3337 1355 3398 scriptum
1369 3341 1424 3386 est:

298 3417 306 3448 ¹
322 3422 390 3470 Itane
407 3427 565 3472 accerserunt
579 3425 614 3471 ad
626 3423 717 3486 Iorept
733 3424 863 3483 principer
874 3423 1033 3471 sacedotum
1050 3425 1076 3470 et
1092 3421 1266 3478 adelarium,
1285 3425 1311 3469 et
1322 3437 1425 3484 repone·

229 3512 289 3556 runt
299 3523 341 3556 eor
352 3512 380 3557 ut
391 3523 495 3567 puerum
508 3509 589 3557 Iesum
601 3508 779 3557 blandiorentie
790 3509 843 3557 suis
855 3509 891 3556 eir
902 3509 996 3556 darent
1008 3508 1042 3555 ad
1054 3508 1241 3556 adducendum.
1272 3506 1339 3554 Tum
1351 3506 1425 3555 beato

229 3594 319 3642 Maria
330 3598 356 3642 et
365 3594 454 3656 Ioseph
464 3594 613 3644 insolentior
621 3595 779 3643 sacerdotum
789 3599 814 3643 et
823 3594 904 3642 minae
912 3594 1056 3657 principum
1065 3595 1198 3652 refrenare
1207 3592 1319 3642 volenter
1328 3590 1425 3657 [codex

228 3678 352 3745 nolenter]
364 3680 490 3729 eluxerunt
502 3682 536 3729 ad
548 3680 656 3738 redoles,
669 3681 776 3730 ararites
785 3682 851 3745 quod
863 3680 928 3728 nihil
937 3696 986 3743 pro
997 3685 1075 3729 meret
1087 3685 1112 3729 et
1124 3680 1189 3728 nihil
1201 3680 1333 3729 addiscere
1339 3683 1426 3743 posset

227 3767 259 3816 ab
271 3768 375 3825 domiue,
393 3767 437 3814 sed
449 3783 466 3813 a
477 3767 532 3817 eolo
544 3768 590 3817 deo
603 3768 670 3816 caeli
682 3764 737 3830 [et]
753 3771 838 3816 terrae
850 3768 982 3815 scientiam
994 3768 1128 3817 obtinebat.
1154 3767 1224 3830 (Huc
1237 3782 1321 3831 nsque
1335 3771 1424 3816 textus

176 3895 180 3903 .
228 3870 285 3904 enm
299 3868 355 3917 cap.
369 3853 485 3902 XXXIX.
505 3854 684 3904 conserendus
703 3854 763 3916 est.)
790 3854 849 3902 Cum
867 3857 950 3902 eutem
968 3855 1090 3903 intrasset
1102 3854 1187 3910 Iesus,
1205 3853 1327 3917 meander
1344 3854 1426 3915 coepit

224 3956 274 4004 per
285 3941 403 3989 visionem
417 3940 445 4002 (i
456 3942 587 3990 iussionem
597 3940 622 4002 i)
636 3942 726 3990 docere
738 3957 792 3989 eum
804 3942 924 3990 dicendo:
951 3941 1001 3989 Die
1014 3940 1104 4003 Alepa.
1130 3941 1202 3990 leena
1213 3945 1296 3989 autem
1308 3940 1376 3988 dixit
1386 3939 1424 3988 ei:

228 4027 278 4075 Die
289 4027 349 4074 miii
359 4027 419 4090 quid
431 4027 465 4075 eit
473 4028 548 4083 Bere,
562 4024 645 4091 [tum]
658 4028 742 4075 diram
754 4028 800 4076 tibi
813 4029 873 4091 quid
885 4029 919 4076 eit
934 4027 1024 4089 Alepb.
1046 4028 1082 4076 Ob
1092 4029 1138 4076 leoe
1146 4028 1230 4075 iratur
1239 4026 1360 4089 errapirIer
1367 4040 1425 4086 per·

228 4112 305 4160 cuerit
310 4127 416 4173 pererrem
424 4112 512 4160 lerum.
527 4108 553 4174 [1
556 4109 698 4174 esrrsrero]
707 4127 763 4159 oreo:
771 4112 897 4174 percurrit
906 4112 1062 4173 mopirtrmu,
1073 4112 1252 4175 prrieoojeotim
1261 4114 1424 4160 irrorduueeri.

295 4190 306 4223 ¹
319 4196 376 4244 Hor
392 4198 474 4242 aulem
482 4196 560 4257 sado
578 4210 694 4242 reuersus
710 4198 748 4242 ert
761 4196 832 4242 Irrue
848 4196 883 4242 ad
899 4199 1004 4243 orutrem
1015 4211 1087 4243 ruram
1104 4197 1129 4242 iu
1141 4196 1239 4243 doraum
1251 4211 1329 4244 suarii.
1358 4195 1424 4243 Iure

229 4281 317 4343 Ioseph
333 4279 400 4329 dixit
416 4280 450 4328 ad
468 4279 566 4328 beatam
583 4280 710 4328 Mariam:
739 4279 803 4328 Vere
819 4281 887 4328 scios
905 4281 970 4344 quod
989 4281 1074 4328 aniano
1092 4297 1147 4329 mea
1165 4280 1249 4329 trieris
1266 4285 1304 4329 ert
1320 4283 1426 4344 propter

225 4383 330 4431 mum
347 4366 421 4414 utum
439 4368 490 4415 etc.
516 4365 635 4415 Exenute
653 4366 742 4428 eapite
760 4365 793 4414 ad
808 4366 887 4415 verba
904 4365 1063 4415 conservabit
1080 4383 1097 4413 a
1109 4365 1176 4416 molo
1195 4366 1317 4417 additum
1337 4369 1380 4417 eet
1398 4369 1426 4415 ut

226 4453 377 4520 perficiatur
388 4468 450 4516 opus
461 4467 539 4501 suurn.

297 4540 369 4598 Quae
380 4540 421 4589 hir
431 4539 529 4589 similia
540 4539 567 4588 in
578 4539 742 4604 elegantur,
756 4540 865 4604 propius
876 4539 1010 4590 accedunt
1023 4539 1056 4588 nd
1068 4541 1201 4606 evangelii
1212 4542 1299 4591 nostri
1308 4541 1424 4591 Thomas

231 4627 319 4677 hutini
332 4632 413 4691 ceput
425 4625 494 4684 xm,
508 4625 541 4675 ed
555 4626 626 4690 quod
639 4625 700 4675 vide
714 4642 782 4690 quse
795 4627 823 4675 in
837 4641 854 4676 n
868 4626 1004 4677 differunt.

297 4712 413 4772 XXXIX,
433 4715 455 4762 1.
480 4712 520 4761 td
540 4712 608 4762 hunc
626 4713 740 4778 priorem
760 4713 858 4778 cepitis
872 4718 976 4778 purtem
991 4714 1025 4763 ef.
1039 4729 1107 4778 qnae
1120 4713 1199 4764 modo
1219 4727 1280 4765 exn
1298 4713 1331 4763 ed
1345 4716 1425 4777 eaput

231 4799 376 4848 xxxvln.
389 4798 585 4849 adnotavimus.
