3458 5640
540 615 707 666 unsremr
727 614 879 665 rosarur.
910 614 984 665 cur.
1005 613 1075 664 rvr.
1095 613 1179 665 xvu.
1397 605 1459 673 me

264 765 528 851 (decumbentis)
551 767 586 831 in
609 766 701 830 lecto
724 787 798 830 suo.
831 764 946 849 Quare
969 765 1109 848 aperuit
1128 785 1166 830 es
1188 785 1287 830 suum
1309 761 1462 846 suspiria

264 869 386 953 edens,
408 859 599 954 manusque
617 891 698 936 suas
715 869 880 936 adversus
901 870 1048 935 invicem
1065 868 1211 950 collisit,
1235 874 1270 934 et
1290 867 1362 934 alta
1376 889 1459 934 voce

264 974 467 1043 exclamavit
482 975 519 1041 in
535 975 628 1040 huuc
645 974 784 1041 modum
801 976 936 1042 dicens:

737 1139 857 1233 cusu
880 1165 981 1235 xvr.

348 1305 442 1386 „Vae
453 1308 477 1390 ⁴)
500 1305 570 1369 ‹liei
597 1327 664 1387 quo
688 1312 791 1370 natus
814 1327 889 1369 sum
911 1305 947 1368 in
968 1302 1144 1368 mundum.
1180 1300 1255 1370 Vae
1276 1306 1376 1366 utero
1399 1299 1459 1383 qui

263 1409 410 1492 gestavit
430 1431 494 1473 me.
525 1408 599 1475 Vae
621 1407 813 1473 visceribus
836 1429 924 1491 quac
946 1406 1163 1472 admiserunt
1181 1425 1245 1469 me.
1282 1402 1357 1472 Vae
1378 1403 1460 1468 ube-

262 1510 359 1577 ribus
380 1533 469 1594 quae
490 1511 708 1577 lactaverunt
728 1534 791 1577 me.
830 1510 905 1578 Vae
926 1509 1076 1594 pedibus
1098 1529 1204 1592 super
1224 1529 1311 1591 quos
1333 1507 1459 1574 sedens

263 1615 388 1699 quievi.
424 1614 498 1683 Vae
515 1616 676 1680 manibus
695 1638 782 1699 quae
800 1621 986 1699 portarunt
1007 1620 1042 1679 et
1063 1613 1257 1678 educarunt
1272 1633 1325 1677 me
1348 1632 1459 1696 usque

263 1718 343 1785 dum
359 1719 506 1784 adolevi.
539 1717 678 1803 Quippe
695 1720 731 1783 in
748 1720 936 1802 iniquitate
954 1725 1145 1801 conceptus
1163 1738 1252 1798 sum,
1275 1721 1310 1780 ot
1329 1716 1366 1779 in
1382 1735 1461 1799 pec·

263 1824 350 1888 catis
371 1821 571 1905 concupivit
591 1844 644 1885 mo
665 1828 777 1886 mater
799 1844 883 1887 mea.
920 1821 994 1888 Vae
1016 1822 1158 1905 linguae
1181 1826 1216 1884 et
1236 1819 1341 1885 labiis
1361 1819 1459 1900 meis,

263 1945 352 2008 quae
375 1924 599 2007 protulerunt
624 1931 660 1988 ct
685 1925 803 1988 locuta
824 1931 906 1987 silut
926 1924 1129 2004 vanitatem,
1160 1922 1460 2003 obtrectationem,

263 2027 494 2109 mendacium,
523 2028 713 2107 inscitiam,
740 2027 954 2108 irrisionem,
978 2027 1194 2111 figmentum,
1217 2024 1406 2090 versutiam
1427 2028 1463 2088 et

264 2129 472 2216 hypocrisin.
511 2130 585 2197 Vae
613 2130 724 2196 oculis
750 2131 851 2213 meis,
879 2131 938 2215 qui
964 2135 1223 2216 conspexerunt
1248 2127 1460 2196 scandalum.

262 2235 337 2303 Vae
358 2236 499 2302 auribus
521 2237 623 2319 meis,
647 2259 736 2321 quae
758 2235 1049 2303 calumniatorum
1069 2236 1288 2302 sermonibus
1311 2233 1462 2301 delecta·

265 2337 401 2405 bantur.
438 2339 511 2407 Vae
528 2341 689 2406 manibus
706 2341 802 2424 meis,
820 2362 909 2424 <puae
927 2362 1074 2425 rapuere
1092 2340 1136 2407 ad
1153 2362 1189 2407 se
1206 2361 1277 2406 nou
1293 2340 1368 2405 iure
1384 2360 1461 2423 per·

262 2442 422 2509 tinentia.
452 2443 526 2512 Vae
542 2445 655 2510 ventri
672 2467 747 2511 meo
766 2450 802 2511 et
816 2445 1007 2528 intestinis,
1025 2466 1113 2530 quae
1130 2445 1329 2529 appetivere
1347 2463 1461 2509 escam

262 2546 349 2630 ipsis
372 2569 433 2612 esu
455 2547 689 2613 interdictam.
728 2548 802 2617 Vae
827 2548 960 2633 gutturi
983 2570 1074 2632 meo,
1100 2548 1212 2614 instar
1232 2547 1323 2632 ignis
1346 2545 1461 2612 omnia

263 2671 502 2733 quaecumque
527 2649 729 2716 inveniebat
745 2651 975 2717 consumenti.
1011 2651 1086 2719 Vae
1107 2649 1257 2736 pedibus
1273 2650 1376 2733 meis,
1399 2650 1460 2734 qui

263 2753 402 2838 saepius
419 2753 484 2818 deo
502 2755 658 2839 ingratas
674 2753 898 2820 ambularunt
907 2754 990 2819 vias.
1013 2753 1088 2823 Vae
1106 2755 1243 2841 corpori
1260 2762 1296 2822 et
1309 2776 1371 2822 vae
1387 2755 1460 2821 ani-

263 2880 337 2925 mae
353 2881 449 2925 meac
466 2860 574 2942 tristi,
597 2860 664 2924 iam
680 2881 701 2924 a
717 2858 782 2926 ‹leo
799 2864 941 2926 auctore
958 2880 1020 2927 suo
1040 2881 1192 2928 aversae.
1224 2857 1317 2946 Quid
1333 2860 1459 2927 faciam

263 2985 340 3030 cum
370 2965 414 3030 ad
438 2965 552 3031 locum
582 2963 681 3030 illum
707 2986 891 3050 perrexero
921 2964 983 3032 ubi
1008 2965 1271 3033 consistendum
1295 2965 1381 3032 mihi
1407 2973 1461 3033 est

264 3092 378 3136 coram
396 3071 586 3137 iustissimo
604 3068 732 3153 iudice,
755 3075 790 3137 et
804 3070 865 3137 ille
882 3093 935 3138 me
952 3070 1228 3157 reprehensurus
1246 3078 1301 3140 est
1315 3078 1461 3159 prepter

264 3197 371 3258 opera
396 3198 483 3259 quae
511 3177 682 3242 cumulari
706 3177 743 3242 in
769 3177 948 3244 iuventute
974 3178 1073 3245 mea?
1107 3178 1183 3248 Vae
1210 3181 1303 3246 omni
1327 3181 1461 3247 homini

264 3280 427 3344 urorienti
448 3281 482 3344 in
499 3282 653 3364 peccatis
671 3282 754 3346 suis.
789 3281 955 3347 Profecto
974 3283 1094 3348 cadem
1111 3283 1174 3348 illa
1189 3283 1275 3350 hora
1289 3284 1460 3351 terribilia

264 3403 352 3464 quae
365 3383 613 3466 contigitpatri
624 3403 699 3448 meo
710 3383 852 3465 Iacobo,
870 3406 946 3449 cum
963 3386 1116 3451 evolaret
1132 3407 1328 3471 excerpere
1346 3387 1462 3452 anima

263 3483 349 3566 eius,
368 3506 448 3549 ecce
465 3486 549 3550 mihi
566 3487 634 3551 iam
650 3485 817 3552 imminet.
843 3485 872 3553 Ο
891 3509 993 3571 quarn
1010 3510 1074 3573 ego
1091 3489 1197 3555 miser
1212 3489 1317 3556 hodie
1335 3512 1410 3556 sum
1427 3497 1462 3556 et

262 3587 511 3654 lamentatione
530 3589 666 3673 diguus.
702 3589 833 3659 Verum
855 3591 951 3656 solus
973 3592 1059 3657 deus
1082 3599 1137 3658 est
1152 3592 1306 3659 director
1325 3595 1461 3660 animae

262 3695 298 3755 et
314 3694 469 3776 eorporis
485 3694 563 3774 runi,
582 3693 641 3758 ille
660 3695 764 3760 ctiam
781 3717 843 3778 pro
862 3694 974 3760 lubitu
994 3694 1159 3762 cumillis
1177 3705 1287 3782 aget.“

727 3881 848 3950 Garun
870 3883 993 3951 XVII.

346 4016 446 4086 Haec
468 4026 550 4086 suut
570 4042 658 4104 quae
681 4021 820 4086 locutus
843 4027 898 4086 est
912 4021 1101 4105 Iosephus,
1123 4044 1230 4088 senex
1252 4024 1312 4089 ille
1335 4024 1459 4092 iustus.

262 4123 337 4207 Ego
354 4129 470 4189 autem
492 4123 671 4208 ingressus
689 4124 782 4208 apud
799 4124 898 4189 illum
916 4124 1132 4208 deprehendi
1149 4126 1298 4192 animam
1316 4127 1392 4196 eius
1407 4149 1461 4194 re-

262 4227 669 4294 hementercommotam:
688 4233 764 4294 erat
774 4229 865 4294 euim
880 4230 914 4294 iu
927 4251 1052 4314 magna
1062 4231 1226 4316 angustia
1236 4233 1459 4299 constitutus

265 4332 310 4400 lte
326 4332 396 4400 dixi
415 4334 481 4400 illi:
507 4332 618 4419 Salve,
635 4335 681 4402 mi
698 4341 798 4421 puter
813 4335 975 4422 Iosepho,
995 4336 1043 4401 vir
1059 4336 1165 4403 iuste:
1184 4338 1243 4425 qui
1255 4336 1371 4406 vales?
1392 4337 1460 4406 Ille

263 4460 341 4506 vero
366 4440 549 4526 respondit
573 4441 673 4508 mihi:
712 4443 906 4509 Plurimum
933 4443 1041 4526 salve,
1069 4465 1087 4509 0
1115 4443 1222 4509 filiole
1249 4445 1295 4510 mi
1321 4443 1459 4511 dilecte.

264 4567 474 4580 *α’-..αις

331 4639 358 4702 4)
377 4637 462 4688 Huius
475 4639 573 4703 cepitis
587 4634 714 4690 Salr'idiee
728 4639 822 4704 scripti
835 4645 1021 4705 argumentum
1034 4639 1120 4706 Zoega
1134 4640 1252 4691 breviter
1265 4641 1307 4691 his
1324 4640 1459 4693 exhibuit:

265 4723 385 4788 Iosephus
396 4728 532 4789 aeqrctaus
544 4725 571 4774 ia
584 4723 713 4776 Nazareth
727 4730 826 4776 terrere
836 4731 861 4775 et
874 4727 945 4775 luctu
957 4727 1084 4792 (ficitur,
1102 4724 1276 4792 exclamatque
1286 4744 1363 4794 cuper
1369 4743 1460 4792 pecca·

264 4810 369 4860 usne.

316 4891 487 4944 Erumpunt.
498 4893 702 4934 conluctandum.
727 4894 805 4934 auu.
1230 4900 1246 4945 9
1326 4947 1330 4956 ν
