3458 5640
259 534 321 596 472
653 537 821 588 vrumerr
840 539 1065 591 seuveroms.

261 687 377 750 urbem
399 685 595 751 Romanam.
639 688 725 752 Erat
752 693 864 752 autem
886 688 1042 754 'liberius
1069 691 1204 755 insanus
1231 697 1265 756 et
1290 690 1459 757 ulceribus

262 794 296 854 et
323 789 466 854 febribus
495 792 623 872 plenae,
649 812 839 875 ‘novemque
869 813 992 874 genera
1018 793 1130 876 leprae
1158 794 1312 860 habebat
1362 796 1460 864 ³Vo-

261 889 389 974 luitque
411 889 549 958 Nathan
572 892 613 958 ad
637 893 753 958 urbem
774 893 960 960 Romanam
982 890 1128 979 pergere.
1172 894 1360 963 Insufflavit
1382 919 1460 963 reru

263 1003 378 1062 ventus
406 998 675 1081 septentrionalis
698 1005 732 1065 ot
754 998 926 1083 impedivit
946 1000 1115 1083 navigium
1138 999 1241 1081 illiue,
1269 1006 1303 1066 et
1324 1000 1462 1066 deduxit

264 1119 338 1164 eum
367 1099 408 1164 ad
437 1106 570 1184 portum
592 1100 709 1167 Libiao
738 1103 890 1169 civitatis.
935 1102 1063 1170 Videns
1089 1108 1199 1176 autem
1221 1103 1317 1168 Titus
1342 1125 1462 1170 narem

263 1203 447 1269 venientem
477 1207 634 1288 cognovit
661 1206 749 1291 quod
778 1206 818 1273 de
845 1206 972 1273 Iudaea
1002 1213 1106 1273 esset:
1139 1212 1173 1272 et
1202 1206 1353 1273 admirati
1386 1213 1464 1273 sunt

265 1325 379 1372 omnes
402 1314 435 1372 et
459 1307 612 1374 dixerunt
635 1309 724 1393 quod
746 1332 915 1394 nunquam
938 1309 1088 1375 viderant
1109 1310 1245 1394 aliquod
1268 1311 1394 1393 lignum
1416 1312 1463 1375 eic

265 1408 341 1474 inde
371 1412 506 1476 venisse.
550 1413 690 1478 ⁴Iussit
709 1420 827 1479 'autem
856 1413 953 1478 Titus
984 1413 1176 1479 nauclerum
1204 1413 1316 1478 venire
1348 1412 1389 1478 ad
1420 1435 1464 1495 se,

266 1520 299 1578 et
334 1515 551 1599 interrogavit
582 1518 735 1600 quisnam
773 1523 868 1583 esset.
928 1518 975 1582 Et
1005 1517 1090 1582 dixit
1120 1517 1193 1600 Ego
1227 1538 1299 1582 sum
1330 1516 1465 1582 Nathan

266 1617 354 1684 filius
381 1619 492 1686 Naum
521 1621 560 1686 de
589 1643 708 1705 genere
735 1623 976 1705 Imaelitarum,
1007 1628 1043 1687 et
1070 1622 1221 1687 subditus
1249 1644 1321 1686 sum
1349 1623 1383 1686 in
1411 1621 1466 1686 Iu·

267 1722 349 1788 daea
370 1722 493 1789 Pontio
518 1723 636 1789 Pilato.
680 1724 728 1790 Et
749 1726 869 1790 missus
892 1746 964 1790 sum
987 1732 1025 1791 ut
1047 1725 1129 1790 irem
1152 1725 1192 1791 ad
1215 1725 1387 1790 Tiberium
1410 1725 1467 1788 im-

267 1834 455 1911 peratorem
485 1828 674 1895 Romanum
706 1828 748 1894 ad
778 1829 977 1913 portandum
1008 1836 1142 1913 paetum
1173 1830 1213 1895 de
1241 1828 1377 1894 ludaea.
1421 1829 1468 1893 Et
1528 1909 1531 1914 ῃ

268 1930 368 1995 irruit
389 1930 516 1997 validus
539 1937 656 1999 ventus
683 1931 718 1995 in
746 1933 829 1997 mari
858 1936 892 1997 et
919 1930 1058 1997 adduxit
1085 1954 1137 1998 me
1166 1932 1200 1996 in
1224 1938 1347 1997 terram
1370 1953 1467 2014 quam

269 2053 390 2097 nesam.

357 2152 438 2216 ‘Et
460 2152 508 2217 ait
528 2150 626 2217 Titus
649 2151 687 2218 Si
709 2152 887 2235 aliquando
911 2173 1026 2236 posses
1052 2152 1199 2218 invenire
1226 2153 1372 2236 aliquam
1399 2173 1468 2216 rem

271 2259 329 2318 aut
358 2255 603 2338 pigmentorum
635 2262 694 2320 aut
723 2247 913 2320 herbarum
933 2276 1017 2340 quae
1048 2256 1174 2321 valeret
1204 2276 1320 2320 curare
1351 2255 1470 2319 vulnus

272 2355 361 2440 quod
388 2357 422 2421 in
450 2357 534 2423 facie
562 2357 684 2440 baben,
713 2363 751 2423 ut
773 2356 878 2441 vides,
905 2363 944 2422 ut
965 2377 1065 2423 sanus
1087 2356 1200 2422 fierem
1227 2363 1262 2422 et
1287 2356 1470 2440 reciperem

273 2630 337 2680 einie
355 2630 463 2680 Israelis
484 2629 488 2695 Ι
510 2647 608 2682 eorum.-
627 2633 666 2682 ite
685 2631 765 2691 Amb3
785 2631 904 2682 Vanum
926 2629 930 2693 Ι
950 2632 1097 2681 ineanueet
1114 2656 1124 2667 -
1144 2631 1232 2693 leprae
1248 2628 1369 2679 babebat:
1396 2627 1477 2678 Aser>

181 2791 182 2794 Ἴ
275 2719 340 2768 lteoo
360 2719 466 2768 broviue
485 2719 581 2768 hubot:
602 2719 737 2770 laborabat
755 2736 785 2768 eu
803 2722 886 2768 uariis
904 2718 1048 2768 uulneribus
1064 2724 1093 2767 ut
1111 2718 1260 2784 affluereiur
1278 2716 1361 2779 lepra

360 2815 386 2861 3.
410 2829 485 2862 nero:
505 2828 537 2861 ex
556 2812 631 2862 ASex
650 2813 757 2874 addida
776 2815 805 2864 in
824 2815 910 2864 letino
929 2828 983 2863 iton
1003 2816 1053 2862 eet.
1069 2811 1073 2876 Ι
1088 2818 1114 2862 et
1131 2811 1261 2874 impedivit
1278 2835 1288 2846 -
1305 2809 1396 2860 Libiae
1415 2810 1474 2858 eiei·

276 2900 339 2950 earn
356 2915 414 2949 eum
434 2900 500 2949 Amb
520 2899 598 2963 (itum
617 2899 705 2962 ΑΒΜ)
729 2935 761 2949 ..
791 2901 848 2951 Ven
867 2901 1018 2950 eliminavit
1035 2900 1164 2964 nauigium
1181 2898 1414 2960 illiuee'nportem
1432 2897 1476 2960 qui

276 2988 314 3034 eet
332 2987 358 3034 in
376 2987 481 3036 civitam
499 2985 560 3036 libie
580 2985 584 3049 Ι
605 2987 671 3051 queri
688 3002 814 3050 nunquam
832 3011 841 3022 ·
859 2986 955 3036 renim
979 3001 1037 3035 eum
1056 2985 1123 3034 Amb
1142 3019 1169 3035 ..
1188 2983 1245 3033 Van
1265 2987 1389 3047 eonupte
1407 2998 1474 3030 eum·

277 3072 337 3138 qnid
356 3072 423 3122 talia
441 3074 549 3122 uidimus
567 3072 716 3124 aliunde..
735 3072 810 3123 ASax
830 3072 964 3137 Nunquam
982 3076 1059 3122 antea
1080 3072 1190 3121 oidirnne
1211 3074 1263 3119 iam
1284 3071 1348 3120 mire
1363 3070 1475 3135 saetam,

277 3163 305 3207 ut
323 3158 415 3208 Iudaei
432 3160 543 3209 tonnam
560 3160 673 3209 venirent
690 3161 738 3208 bue
755 3176 827 3208 riaoe.

363 3261 390 3306 4.
422 3257 501 3305 Irreeit
519 3285 528 3296 ·
545 3255 693 3304 nauclerum
716 3257 767 3314 (ite
790 3256 869 3315 Amb3
898 3256 956 3305 Ven
978 3253 1077 3315 navent)
1097 3279 1106 3289 -
1125 3255 1240 3318 quienam
1262 3256 1327 3301 erret
1348 3289 1380 3303 ..
1402 3250 1477 3301 ASex

280 3344 346 3393 heec
371 3344 461 3407 paullo
486 3343 567 3391 latius
586 3344 625 3392 eie
645 3343 784 3407 exprimit:
812 3342 891 3408 Tyrus
908 3345 1010 3406 nouauit
1028 3341 1139 3404 aliquem
1157 3345 1184 3389 ut
1203 3345 1316 3389 curreret
1334 3344 1358 3388 et
1376 3342 1479 3387 voearet

280 3432 314 3479 ad
336 3447 361 3479 ee
384 3447 437 3478 eum
460 3431 503 3494 qni
526 3434 590 3480 esset
609 3428 766 3491 principalia
788 3430 829 3476 vir
852 3431 879 3477 in
896 3445 966 3477 nave.
1004 3429 1042 3477 Er
1061 3428 1166 3475 Nathan
1183 3430 1252 3476 uenit
1270 3424 1341 3474 illico
1360 3425 1394 3473 ad
1412 3441 1476 3474 enm.

282 3517 319 3564 Iit
341 3517 420 3581 Tyrue
437 3517 607 3578 interroyarit
625 3532 678 3563 eum
696 3519 720 3563 et
738 3515 805 3562 amit
827 3513 890 3574 Qnie
906 3531 934 3561 ee
952 3519 978 3562 tn
997 3514 1163 3568 inveritate,
1188 3515 1232 3558 aut
1255 3511 1319 3557 rende
1342 3510 1448 3557 uenisti?
1473 3506 1477 3565 Ι

282 3601 320 3648 ΕΙ
338 3601 406 3648 dizit
423 3601 481 3662 Ityn
500 3625 509 3634 -
528 3599 717 3648 lernaelitarum
736 3599 806 3661 (cod.
823 3614 913 3646 rureue
932 3596 1152 3662 lystriaelitarunn
1171 3595 1237 3642 emb
1256 3608 1317 3642 voro
1333 3593 1478 3655 orreorum)

282 3710 292 3720 ·
311 3702 383 3748 quam
402 3686 498 3733 nereio:
517 3684 592 3733 nSux
611 3684 715 3733 Nathan
733 3683 864 3744 reepondit
882 3684 906 3730 ei
924 3686 948 3730 et
965 3682 1034 3730 dixit
1052 3682 1109 3743 Eoo
1127 3695 1180 3727 eum
1199 3678 1312 3730 Nathan.
1323 3675 1478 3741 flliueNau.

283 3777 308 3820 et
326 3775 382 3820 ueni
399 3773 446 3819 bue
465 3788 481 3818 a
503 3771 623 3820 Graecia.
659 3772 698 3820 Er
715 3786 784 3819 eram
802 3771 871 3832 apud
890 3769 1008 3824 Iudaeae,
1026 3767 1152 3816 eubieeiue
1168 3764 1262 3814 Pontio
1279 3763 1381 3818 Petam,-
1404 3767 1480 3826 atque

284 3862 335 3907 tum
358 3860 449 3907 enimus
472 3874 541 3908 mam
562 3862 591 3907 ut
615 3860 678 3907 irem
701 3858 735 3906 aul
759 3859 936 3922 imperatorem
956 3855 1081 3904 Tiberium
1104 3857 1128 3901 el
1144 3853 1245 3917 ferrem
1261 3853 1375 3900 nuntium
1393 3850 1481 3900 einen

284 3945 384 3993 Iudaea
397 3945 511 3994 Romam.
538 3945 589 3993 Seri
602 3945 748 3994 contrariae
761 3950 848 3994 nentur
864 3942 1008 4007 eupernenit
1022 3956 1060 3990 me
1078 3946 1102 3990 et
1120 3940 1194 3987 duait
1211 3954 1248 3986 me
1266 3938 1292 3985 in
1309 3938 1374 3985 bunc
1392 3936 1480 3993 lomim,

283 4040 312 4083 ut
329 4034 372 4081 ubi
389 4036 435 4082 eim
452 4034 571 4082 nesciam.

371 4129 396 4176 5.
424 4128 453 4175 Si
472 4127 610 4190 aliquando
628 4153 638 4162 ·
657 4128 682 4174 in
699 4128 775 4190 faeie
792 4126 870 4175 babeo
889 4141 946 4173 euru
965 4125 1046 4181 Amb3
1071 4138 1157 4184 ueqrm
1176 4120 1267 4168 ilill'urt
1285 4118 1359 4165 ASnx
1378 4151 1404 4165 ..
1424 4116 1481 4163 Van

287 4214 317 4261 Si
339 4215 477 4276 aliquando
499 4230 587 4276 poeeee
608 4214 711 4261 barbam
734 4214 846 4260 inuenire
869 4214 913 4259 aut
932 4211 1044 4272 aliquam
1067 4208 1250 4271 plantationem
1269 4217 1355 4251 euram
1375 4207 1484 4265 propter

286 4299 459 4362 infimitatem
479 4300 594 4364 corporis
611 4299 658 4346 mei
671 4314 734 4360 quae
752 4304 789 4346 eet
808 4299 833 4344 in
844 4299 920 4360 strete
936 4311 992 4342 ntea
1007 4295 1011 4354 Ι
1026 4292 1113 4341 rriirltie
1125 4291 1195 4339 bonis
1207 4303 1336 4349 eroflarem
1349 4291 1387 4334 te:
1406 4284 1481 4333 ASax

286 4386 395 4433 daturus
413 4401 489 4432 eeeem
508 4386 555 4434 tibi
572 4384 783 4434 remunerationis
801 4399 891 4429 carrera
910 4382 963 4429 eine
980 4378 1034 4426 ullo
1047 4376 1121 4425 ‹lubio
1139 4378 1237 4423 tantum
1249 4373 1308 4420 auri
1325 4370 1366 4419 nel
1383 4369 1484 4432 arqenti

288 4478 406 4537 quantum
424 4472 510 4530 uelles,
529 4477 668 4535 posteaque
686 4476 710 4519 te
728 4485 804 4518 eeeem
822 4470 946 4517 dricturae
963 4468 989 4514 in
1005 4463 1177 4526 praesentiam
1199 4459 1293 4508 Tiberii
1311 4456 1482 4519 imperatorie.

288 4561 327 4608 nb
347 4559 396 4606 hoc
415 4557 478 4606 inde
498 4558 557 4606 loco
570 4545 661 4604 aaaxb
676 4555 760 4603 multo
773 4553 880 4602 brevior
892 4558 933 4600 eet
949 4552 976 4598 iu
990 4545 1122 4597 tradenda
1133 4543 1267 4593 Nathunie
1282 4542 1393 4590 historia
1407 4555 1485 4602 (quem

286 4643 376 4693 ASnx:
396 4643 446 4692 bue
466 4657 629 4706 aequavero
650 4655 703 4690 non
723 4641 762 4688 ite
781 4638 897 4702 graviter
916 4634 1083 4684 differebant.
1168 4657 1169 4660 =
