3458 5640
266 593 307 656 70
479 592 811 644 esserto-umnam
830 594 1071 647 avuncunlum.
1104 595 1178 648 CAP.
1199 596 1244 646 IX.

351 741 473 808 ‘Tune
488 741 617 827 Ioseph
640 744 778 827 aceepit
791 742 940 809 Marium
958 765 1034 808 oum
1055 744 1133 810 aliis
1151 746 1305 829 quinque
1322 746 1465 830 virgini·

265 846 347 930 bus,
371 866 460 930 quae
478 852 596 912 essent
612 866 689 911 oum
706 865 748 911 ea
768 847 805 911 in
823 846 923 912 domo
940 845 1081 931 Ioseph.
1110 846 1223 913 Erant
1239 856 1354 914 autam
1374 850 1464 916 istae

266 950 418 1033 virgines
428 948 599 1031 Rebecca,
617 946 785 1034 Sephora,
803 946 973 1035 Susanna,
991 946 1130 1034 Abigea
1144 949 1315 1017 etZahel:
1334 951 1463 1036 quibus

266 1053 461 1118 detumeat
485 1072 505 1117 α
524 1051 750 1136 pontificibus
772 1053 923 1118 sericum
948 1059 984 1118 et
1007 1052 1199 1119 iacinthum
1224 1060 1260 1119 et
1278 1054 1401 1139 byssus
1428 1063 1465 1122 at

266 1177 390 1222 coecus
413 1161 450 1222 et
463 1175 620 1239 purpura
639 1160 676 1221 et
695 1154 815 1221 linum.
848 1154 1026 1221 Miserunt
1047 1162 1162 1222 autem
1177 1163 1288 1223 sortes
1311 1159 1405 1225 inter
1424 1180 1462 1226 se

266 1259 351 1344 quid
368 1280 598 1344 unaquaeque
615 1260 711 1343 virgo
728 1257 875 1339 faceret3
897 1261 1046 1344 contigit
1065 1266 1180 1326 autem
1200 1268 1239 1326 ut
1253 1258 1368 1328 Maria
1382 1284 1464 1348 pur-

265 1384 388 1447 puram
408 1363 586 1447 aociperet
606 1362 651 1428 ad
673 1363 786 1428 valum
805 1363 927 1447 templi
950 1363 1093 1429 domini.
1143 1362 1261 1453 Quam}
1275 1387 1352 1431 oum
1372 1367 1464 1433 aoei-

265 1472 380 1550 perot,
404 1467 569 1531 dixerunt
588 1467 621 1531 ei
642 1466 725 1532 illae
741 1467 907 1550 virgines:
940 1463 1026 1532 Cum
1043 1474 1080 1531 tu
1097 1469 1145 1532 sis
1161 1469 1274 1533 minor
1289 1468 1461 1554 omnibus,

264 1590 454 1653 purpuram
471 1568 630 1635 obtinere
646 1569 816 1634 meruisti.
847 1569 896 1635 Et
909 1568 976 1634 hoo
993 1570 1150 1636 diceutes
1167 1572 1267 1654 quasi
1287 1573 1323 1636 in
1339 1572 1464 1657 fatiga·

264 1672 372 1737 tionis
398 1691 557 1737 sermone
583 1676 776 1755 coeperunt
800 1692 874 1737 eam
899 1674 1054 1757 reginam
1076 1674 1247 1757 virginum
1272 1675 1462 1759 appellare.

265 1773 424 1860 Cumque
445 1774 531 1841 haee
556 1775 650 1841 inter
670 1796 707 1842 se
732 1781 892 1861 agerent,
917 1778 1082 1861 apparuit
1101 1777 1247 1862 angelus
1269 1778 1401 1846 demini
1425 1782 1461 1847 in

266 1881 382 1948 medio
399 1902 518 1947 aarum
534 1887 570 1947 et
585 1881 687 1946 dixit:
712 1879 794 1948 Non
811 1882 878 1947 erit
893 1903 1005 1948 sermo
1023 1883 1089 1948 iste
1107 1885 1143 1948 in
1160 1883 1366 1968 fatigatione
1383 1886 1463 1951 mis-

265 2007 341 2069 sus,
361 1986 423 2051 sed
439 1985 475 2051 in
491 1984 795 2069 prophetationem
810 1985 1023 2051 verissimam
1039 1986 1278 2071 prophetatus.
1309 1986 1464 2072 Expave-

264 2095 348 2154 runt
368 2094 485 2154 autem
504 2079 540 2154 in
561 2095 751 2171 conspeetu
773 2088 890 2172 angeli
911 2093 947 2152 et
968 2090 1004 2153 iu
1020 2089 1135 2155 vorbis
1159 2091 1251 2173 eius,
1273 2097 1309 2155 et
1324 2110 1463 2175 rogave-

264 2197 348 2256 runt
363 2211 438 2257 eam
453 2197 494 2257 ut
509 2190 710 2273 indulgeret
726 2191 776 2255 eis
786 2195 830 2256 et
845 2196 961 2256 oraret
976 2211 1038 2273 pro
1057 2192 1118 2256 eis.

757 2409 878 2479 Garun
900 2410 968 2478 IX.

349 2583 498 2653 ¹Altera
515 2592 631 2654 autem
648 2587 704 2653 die
722 2586 804 2651 dum
818 2584 933 2652 Maria
948 2592 1058 2653 staret
1079 2587 1176 2654 iuxta
1192 2587 1324 2654 fontem
1345 2595 1385 2655 ut
1406 2612 1462 2656 ur·

263 2690 397 2757 ceolum
414 2691 589 2775 impleret,
611 2692 775 2775 apparuit
793 2691 826 2756 ei
847 2690 992 2773 angelus
1012 2690 1143 2756 domiui
1165 2698 1201 2757 et
1216 2691 1317 2757 dixit:
1347 2691 1462 2759 Beata

331 2947 342 2978 ⁶
355 2965 370 3000 r
383 2951 457 3001 eimal
475 2967 528 2999 cmm
545 2967 576 2998 ea
589 2946 594 3015 Ι
607 2950 715 3012 Ioseph:
733 2960 749 2998 c
761 2965 821 3005 aaa,
839 2961 857 2996 n
871 2963 912 2997 om
928 2946 932 3014 Ι
946 2961 962 2997 ιι
975 2963 1017 2996 om
1033 2949 1145 3013 virginea
1158 2945 1162 3015 Ι
1176 2949 1303 2998 Rebecca:
1321 2964 1338 2999 Δ
1352 2951 1462 3010 Boutta,

196 3091 197 3094 Ἴ
263 3051 280 3086 e
293 3039 399 3098 Battum
412 3034 416 3103 Ι
431 3050 447 3084 Β
461 3035 591 3098 sephara,
609 3046 624 3084 c
638 3034 797 3097 Septimianae
811 3033 815 3098 Ι
830 3033 909 3082 Zahel
921 3033 952 3094 (n
964 3033 1039 3094 Zael)
1057 3037 1088 3084 ut
1100 3046 1168 3093 cnm
1186 3048 1203 3083 Δ
1219 3035 1294 3094 Cael,
1311 3050 1328 3085 ιι
1340 3035 1458 3104 Agabell
1474 3027 1479 3037 ’

263 3137 299 3174 nn
313 3141 330 3172 a
339 3123 460 3189 pontefice
473 3119 478 3188 Ι
492 3137 509 3172 Δ
521 3122 624 3172 siricam
638 3119 642 3187 Ι
655 3122 793 3170 iaciatbsaa
806 3120 865 3180 (aad
879 3133 914 3169 οι)
928 3119 1030 3182 -atam).·
1049 3137 1064 3168 n
1085 3122 1196 3170 iaoa'ntaa
1209 3119 1213 3187 Ι
1227 3136 1246 3172 ι)
1258 3121 1395 3171 iaciaatam
1407 3139 1462 3172 eoo·

264 3211 345 3260 aa'aam
357 3210 437 3258 biam
449 3207 497 3270 (et.
510 3207 540 3270 Δ)
549 3222 669 3270 purpura
680 3201 684 3272 Ι
701 3218 716 3256 ο
729 3207 824 3271 byrsam
838 3203 842 3271 Ι
856 3210 882 3254 et
893 3221 995 3255 eoam:
1008 3219 1024 3255 Ε
1036 3212 1100 3255 anto
1112 3211 1138 3255 et
1149 3206 1242 3272 byrsae,
1255 3221 1271 3257 c
1284 3223 1341 3268 0m;
1354 3222 1370 3258 Β
1383 3224 1425 3259 om
1437 3214 1464 3259 et

264 3305 328 3347 aute
344 3310 421 3360 parp.
442 3292 446 3361 Ι
464 3308 480 3343 r
496 3299 589 3345 tortam
608 3291 613 3360 Ι
630 3298 916 3357 unaquaeqaenton13
935 3304 971 3340 nn
990 3309 1102 3357 quaeqae
1116 3291 1120 3358 Ι
1133 3294 1220 3357 virga:
1239 3308 1257 3344 u
1270 3310 1312 3344 orn
1332 3292 1337 3359 Ι
1357 3296 1463 3360 ‹nattgit

263 3388 348 3433 eatam
360 3409 369 3419 ·
383 3383 509 3446 acciperat
521 3380 551 3443 (n
563 3379 659 3443 φθεὶρ.)
672 3384 716 3429 ete
728 3383 759 3428 nt
772 3392 842 3438 nm
861 3389 894 3427 (ιιι
907 3382 932 3427 at
944 3376 973 3442 (1
986 3379 1038 3427 add
1050 3379 1207 3443 eia)saetam
1219 3386 1258 3430 ert
1272 3386 1300 3430 at
1312 3381 1370 3432 Ma.
1380 3397 1461 3445 pam.

263 3471 371 3520 aaadaaa
387 3470 469 3531 accip.
484 3476 527 3517 eto
541 3464 546 3531 Ι
563 3466 644 3528 Qum
656 3483 725 3515 mm:
741 3479 758 3514 ι
771 3466 810 3514 Et
820 3466 879 3513 dam
892 3461 897 3528 Ι
910 3477 929 3512 1>
942 3466 1080 3526 accepisses
1093 3464 1097 3531 Ι
1113 3479 1128 3514 r
1140 3467 1194 3515 dia.
1209 3468 1274 3530 airy.
1287 3468 1352 3516 illae
1365 3465 1369 3533 Ι
1383 3469 1463 3517 illae.-

264 3570 302 3605 ιι)
315 3556 385 3604 aliae
398 3551 403 3620 Ι
418 3554 477 3604 Oam
489 3559 517 3603 ta
527 3555 564 3603 aia
574 3555 656 3602 minor
669 3552 698 3615 (o
709 3551 794 3600 tantur
806 3554 834 3599 ta
845 3548 892 3611 eis)
906 3554 949 3599 ate
964 3554 996 3599 nt
1008 3563 1058 3610 ους
1077 3564 1094 3599 n
1109 3551 1168 3600 Cum
1187 3557 1214 3600 ta
1225 3554 1262 3600 ste
1272 3553 1363 3602 altimo
1380 3558 1407 3603 et
1417 3556 1462 3603 ta·

263 3642 332 3692 milia
344 3645 369 3692 at
379 3642 462 3691 minor
473 3639 579 3698 omno..
598 3640 662 3689 item
675 3651 692 3687 ι
706 3637 765 3686 Oam
775 3637 812 3687 eia
823 3635 871 3685 alt.
886 3639 911 3686 et
922 3637 1005 3695 ham„
1023 3650 1040 3686 u
1053 3652 1114 3687 vero
1128 3637 1214 3686 Filiae
1225 3654 1311 3702 regma
1323 3656 1419 3698 aaran,
1436 3645 1462 3690 et

264 3734 292 3779 ta
304 3746 358 3779 eam
369 3730 452 3779 minor
462 3728 498 3777 eia
511 3725 516 3792 Ι
529 3741 546 3776 Α
556 3741 633 3790 μαψ.
647 3724 761 3774 manati
773 3724 889 3786 accipere
900 3727 925 3772 at
936 3723 1056 3781 obtinere,
1069 3736 1086 3771 ιι
1095 3739 1173 3787 perp.
1185 3726 1259 3789 quaet
1269 3726 1360 3788 regina
1371 3732 1462 3776 nostra

264 3817 347 3879 accip.
360 3830 420 3865 mer.
436 3819 462 3865 ot
473 3815 593 3865 obtima.
609 3810 613 3880 Ι
627 3813 665 3864 nt
676 3813 737 3862 too:
756 3825 771 3860 n
786 3810 844 3860 Eoo
855 3814 939 3859 nausa
952 3806 956 3876 Ι
971 3822 1041 3859 eoin
1054 3810 1128 3875 qaaai
1142 3806 1145 3876 Ι
1159 3811 1186 3860 ia
1195 3812 1280 3878 satia.
1300 3829 1412 3863 reaaaoaa
1430 3821 1462 3865 ut

265 3917 314 3964 αις
333 3918 352 3954 ιι
364 3904 390 3952 ia
400 3903 561 3968 fatigatione
572 3901 707 3959 emanata,
726 3912 741 3950 c
760 3900 787 3949 ta
790 3899 976 3964 fatigationem
987 3899 1108 3948 samonis
1121 3895 1126 3964 Ι
1141 3911 1158 3946 ιι
1172 3903 1234 3962 post
1246 3899 1359 3949 obtinere
1370 3902 1461 3967 pergit

264 3991 303 4040 Et
315 3995 374 4039 tana
385 3994 520 4051 coeperant
531 4005 585 4038 eam
596 3988 692 4050 appell.
706 3988 828 4050 reginam.
845 3981 849 4050 Ι
864 3985 971 4048 θααηυο
982 3985 1044 4033 iaec
1055 3985 1122 4034 inter
1133 4000 1160 4033 aa
1172 3982 1199 4047 (ι
1210 3985 1280 4034 inter
1290 4002 1317 4035 ee
1329 3985 1387 4048 boe)
1401 4002 1460 4050 aye·

263 4081 336 4125 reate
354 4089 390 4124 nn
403 4076 471 4124 Dm»
481 4090 541 4139 ergo
552 4077 615 4124 leaeo
626 4077 731 4137 agerent
741 4073 809 4122 inter
820 4087 847 4120 ee
860 4068 865 4135 Ι
878 4083 895 4119 1
907 4086 949 4119 om
961 4070 1055 4118 domim
1068 4068 1073 4135 Ι
1086 4086 1188 4119 aanor:
1205 4083 1350 4128 neaeram,
1370 4071 1460 4121 nilla·

263 4178 320 4209 ram
333 4158 338 4225 Ι
351 4165 378 4210 at
387 4161 468 4209 disits
486 4174 523 4209 nn
534 4161 620 4208 diam
630 4159 687 4208 illie
699 4157 704 4225 Ι
717 4159 744 4206 ia
753 4158 914 4221 fatigatione
932 4155 974 4217 (ut
985 4168 1057 4214 ηας
1077 4167 1092 4204 0
1106 4153 1213 4216 ·oaam).·
1230 4169 1247 4205 1
1263 4172 1305 4205 om
1315 4158 1400 4220 satig.
1415 4155 1420 4221 Ι
1433 4158 1461 4205 ia

260 4246 482 4307 prophetationem
494 4243 522 4306 (o
530 4241 717 4305 pretationem)
729 4257 783 4290 aar.
794 4242 963 4302 prophetatas
975 4238 1005 4300 (n
1015 4238 1222 4301 prophanatio.-
1239 4241 1295 4289 ria
1303 4241 1461 4302 praeeatis-i·

263 4331 366 4378 natione
377 4328 509 4377 aeriam
517 4328 679 4389 prophetatis
692 4323 696 4392 Ι
710 4326 813 4389 Eapoo.
829 4350 837 4361 ·
850 4327 983 4386 conspecta
996 4323 1024 4385 (r
1036 4321 1152 4385 augam)
1165 4327 1222 4373 atet
1235 4336 1272 4373 na
1284 4325 1461 4386 Eapaaaeeaa-

263 4420 302 4465 tea
319 4430 379 4478 erga
392 4419 435 4464 eto
455 4410 460 4479 Ι
479 4418 505 4463 et
516 4413 565 4476 (nn
578 4411 633 4473 om)
645 4415 800 4476 rogaverant
812 4408 854 4472 (nt
866 4422 937 4469 ¹⁸⁰3
956 4420 972 4458 ο
985 4414 1120 4471 coeperant
1136 4424 1243 4474 rogare,
1260 4422 1345 4474 erog.
1359 4406 1442 4474 ceap.)
1455 4407 1460 4477 Ι

263 4505 366 4550 oraret.-
380 4514 395 4550 c
407 4503 513 4564 rogaret
525 4497 530 4564 Ι
544 4512 619 4561 upra
631 4498 687 4547 illie

333 4585 380 4644 IX,
400 4589 425 4636 1.
447 4586 542 4636 Altera
555 4610 563 4622 ·
575 4586 634 4634 dam
646 4584 737 4633 Maria
748 4583 796 4646 (on
809 4598 850 4633 om
860 4580 963 4644 Mar.).·
975 4594 992 4630 ι
1004 4583 1088 4630 Beata
1098 4597 1157 4645 ergo
1167 4581 1239 4630 Mar.
1252 4581 1311 4630 dam
1324 4577 1329 4646 Ι
1342 4586 1372 4630 at
1383 4581 1413 4644 (ι
1424 4580 1462 4643 et)

262 4674 391 4726 urceolam
409 4674 438 4737 (a
455 4671 567 4734 arreum)
586 4670 837 4734 implantatum
856 4683 892 4720 01>
910 4684 953 4719 om
972 4665 977 4734 Ι
995 4669 1132 4731 seponat
1144 4667 1249 4732 augelus
1266 4668 1357 4718 etdia.
1370 4669 1394 4717 ei
1413 4665 1418 4733 Ι
1437 4671 1464 4717 et

262 4762 345 4813 uait.-
363 4776 380 4811 ι
393 4761 480 4810 dicam
496 4758 540 4808 illa·
550 4753 555 4823 Ι
570 4759 657 4808 Beata
669 4756 872 4820 ·praeparaeta'.·
889 4770 908 4806 u
921 4770 963 4806 em
978 4753 982 4822 Ι
996 4755 1023 4804 ta
1034 4760 1107 4805 atero
1120 4759 1163 4805 tao
1174 4757 1206 4804 ut
1218 4767 1268 4814 ης
1286 4766 1301 4803 o
1320 4755 1347 4803 ta
1358 4758 1464 4803 menae
