3458 5640
489 1217 559 1288 DE
591 1213 952 1290 uarlvlrnra
984 1213 1240 1291 1111111111*

780 1449 900 1517 Oarur
923 1449 951 1513 I.

353 1623 362 1654 ¹
380 1618 496 1703 Igitur
520 1621 623 1687 beata
651 1627 686 1688 et
707 1621 860 1706 gloriosa
881 1643 1018 1705 semper
1036 1622 1131 1705 virgo
1152 1621 1266 1691 Maria
1288 1621 1329 1688 de
1353 1622 1461 1706 stirpe

266 1724 363 1807 regia
392 1730 427 1788 et
451 1723 585 1790 familia
608 1724 721 1791 David
751 1724 912 1806 oriunda,
943 1726 979 1789 in
1006 1725 1143 1790 civitate
1168 1724 1343 1791 Nazareth
1370 1731 1461 1808 nata,

266 1825 521 1910 Hierosolymis
543 1828 578 1891 in
601 1828 729 1912 templo
750 1827 880 1893 demini
903 1828 1036 1892 nutrita
1057 1827 1134 1892 fuit.
1165 1826 1273 1893 Pater
1295 1828 1369 1893 eius
1387 1827 1463 1894 Ioa-

266 1929 367 2010 clrim,
384 1936 494 1993 mater
509 1951 588 1994 vero
600 1929 706 1995 Anna
722 1930 912 1996 dicebatur.
937 1931 1070 1996 Domus
1088 1936 1234 2012 paterna
1250 1952 1291 1996 cx
1303 1929 1463 1997 Galilaea

265 2034 303 2095 et
327 2031 465 2096 civitate
491 2030 682 2114 Nazareth,
713 2039 906 2099 maternum
936 2039 1050 2098 autern
1076 2053 1186 2116 genus
1213 2054 1253 2098 ex
1279 2032 1462 2098 Bethleem

205 2218 208 2224 .
266 2139 351 2198 erat.
392 2134 403 2168 ¹
419 2134 502 2201 Vita
519 2156 638 2201 eorum
654 2135 801 2219 simplex
818 2141 852 2200 et
868 2141 964 2200 recta
980 2134 1073 2219 apud
1090 2134 1277 2218 dominum,
1295 2134 1386 2219 apud
1404 2134 1464 2201 ho·

265 2237 376 2304 mines
392 2238 709 2323 irreprehensibilis
728 2246 803 2306 erat
819 2246 854 2304 et
869 2238 936 2324 pia.
974 2238 1062 2304 Nam
1080 2259 1214 2305 ornnem
1231 2237 1462 2305 substantiam

265 2365 362 2408 suam
380 2343 548 2410 trifariam
566 2345 772 2410 diviserunt:
790 2367 893 2410 unam
909 2350 1042 2429 partem
1060 2344 1187 2430 templo
1205 2349 1240 2411 et
1255 2345 1376 2430 templi
1393 2365 1462 2410 ser·

262 2446 434 2514 vitoribus
451 2449 708 2533 impendebant,
731 2449 833 2515 aliam
850 2449 1045 2533 peregrinis
1064 2455 1098 2514 et
1113 2447 1326 2534 pauperibus
1344 2468 1461 2531 eroga·

264 2549 363 2633 bant,
388 2554 526 2618 tertiam
543 2575 625 2619 suae
643 2553 796 2620 familiae
820 2552 941 2620 usibus
959 2559 994 2618 et
1013 2552 1080 2618 sibi
1097 2553 1329 2619 reservabant.
1376 2553 1386 2588 ⁸
1403 2551 1460 2617 Ita
1502 2605 1505 2612 .

263 2653 323 2716 isti
342 2652 406 2718 deo
427 2656 508 2736 cari,
531 2655 729 2721 bominibus
747 2657 806 2739 pii,
826 2677 890 2740 per
905 2677 1015 2721 annos
1033 2655 1172 2721 circiter
1187 2654 1311 2738 viginti
1328 2658 1459 2719 castum

263 2753 356 2819 domi
374 2759 573 2841 coniugium
590 2758 665 2823 sine
682 2758 870 2824 liberorum
887 2758 1128 2842 procreatione
1146 2757 1363 2823 exercebant.
1388 2755 1456 2824 Vo-

260 2866 535 2944 verumtamen,
560 2864 589 2926 si
610 2862 699 2928 forte
718 2863 803 2929 deus
821 2863 968 2928 donaret
989 2863 1038 2928 eis
1056 2860 1225 2944 sobolem,
1250 2881 1323 2926 eam
1344 2880 1380 2925 se
1399 2859 1457 2924 do-

261 2962 347 3027 mini
359 2965 500 3029 servitio
512 2965 784 3049 mancipaturos:
803 2965 901 3031 cuius
913 2966 963 3031 rei
975 2965 1087 3050 gratia
1103 2970 1138 3030 et
1148 2964 1314 3049 templum
1326 2963 1457 3029 domini

260 3065 417 3151 singulis
436 3089 643 3152 perannum
660 3068 759 3133 festis
777 3068 999 3153 frequentare
1017 3067 1186 3134 solebant.

764 3290 883 3357 Carus
906 3291 955 3356 ΙΙ.

352 3457 522 3524 lFactum
546 3467 599 3525 est
621 3467 735 3527 autem
757 3467 796 3527 ut
816 3462 1061 3528 encaeniorum
1081 3461 1251 3528 festivitas
1274 3462 1458 3546 appropin-

260 3567 396 3643 quaret,
418 3562 509 3628 unde
528 3584 604 3627 cum
622 3564 799 3630 nonnullis
817 3564 1074 3631 contribulibus
1091 3566 1162 3630 suis
1179 3565 1456 3649 Hierosolymam

331 3735 340 3754 ⁸
360 3738 400 3785 De
412 3738 546 3788 nativitate
560 3740 676 3789 Mariae.-
695 3742 732 3790 sic
746 3743 826 3792 etiam
843 3742 955 3791 Vallnrs.
978 3744 1038 3792 Non
1052 3741 1158 3791 ridetur
1170 3740 1386 3806 praeponendum
1400 3757 1457 3792 esre

254 3823 474 3888 .‚,evrngelimn“,
488 3825 558 3889 quod
572 3832 652 3876 antee
665 3843 723 3877 cum
738 3828 839 3877 Febris.
853 3835 880 3877 et
894 3828 963 3877 Thil.
977 3828 1126 3891 praeposui.

330 3907 351 3967 l,
372 3910 393 3957 l.
419 3906 517 3972 Ippiter:
535 3911 573 3960 sic
586 3915 617 3962 ut
630 3913 742 3963 vallars.
757 3913 844 3964 edidit
856 3914 937 3963 etiam
951 3913 1007 3964 cod.
1022 3914 1080 3962 Par.
1106 3912 1258 3962 Sustulerat
1271 3912 1373 3962 Fabric.
1387 3929 1456 3964 eum·

261 4009 313 4055 que
327 4009 385 4042 eum
400 3994 469 4044 Tlril.
484 3997 541 4059 ipse
555 4002 734 4046 secutus-sum
748 3999 775 4047 iu
790 3999 839 4062 pri.
852 3999 893 4048 erl.

254 4138 256 4142 ,
329 4080 353 4125 2.
373 4078 430 4126 l'or.
444 4095 485 4128 om
499 4085 524 4129 et
536 4085 606 4129 recta
627 4079 630 4144 l
651 4082 716 4129 Nam
729 4099 821 4131 emicem
839 4108 848 4120 ·
867 4084 1045 4132 reservabant:
1064 4085 1098 4133 cl.
1112 4084 1153 4132 Pr.
1168 4082 1267 4132 Mattlr.
1280 4097 1373 4148 evang.
1388 4083 1412 4141 l,
1433 4085 1455 4134 l.

261 4160 382 4212 Proxime
395 4163 427 4211 ad
442 4165 507 4214 haee
521 4166 653 4229 scripturo
665 4167 772 4217 accedit
784 4168 885 4218 codicis
899 4169 1066 4218 Ambrosisui
1080 4168 1109 4231 (i.
1123 4183 1145 4217 e.
1159 4166 1196 4228 a).
1228 4166 1278 4216 Pro
1291 4168 1456 4218 servitoribus
1496 4148 1500 4156 ¹

261 4246 308 4296 ille
320 4249 494 4300 sacerdotibus
506 4251 596 4301 habet.

329 4338 353 4385 3.
373 4332 416 4385 Ila
427 4337 472 4386 aa·
484 4363 492 4374 ·
505 4338 633 4389 solebant:
646 4340 680 4389 cl.
692 4340 828 4390 simillima
840 4339 910 4404 apud
922 4339 1136 4391 Pseudo-Matala.
1152 4339 1172 4397 l,
1188 4340 1201 4389 l
1214 4355 1253 4404 sq.
1269 4354 1299 4389 ex
1311 4339 1368 4388 cod.
1380 4340 1454 4390 Δηώ.

263 4420 304 4471 lbi
316 4427 358 4472 eet
370 4423 469 4474 domino
481 4425 562 4474 iustus
574 4431 598 4476 et
609 4427 748 4476 homiuibus
755 4428 829 4490 pira·
848 4429 912 4477 item
928 4427 1054 4477 Venerunt
1066 4432 1163 4478 tontum
1175 4428 1198 4475 si
1210 4427 1272 4476 deus
1283 4426 1371 4484 duret·
1390 4428 1453 4477 item

263 4508 350 4570 templi
360 4511 471 4560 seruilio.
486 4508 490 4576 1
504 4512 612 4563 donaret
624 4514 674 4563 eis:
688 4515 745 4564 Per.
758 4517 794 4565 eis
805 4516 862 4566 don.
877 4511 881 4580 l
897 4515 954 4565 Par.
969 4532 1009 4565 om
1023 4520 1048 4565 et
1061 4521 1125 4566 ante
1139 4515 1222 4579 templ.
1236 4515 1300 4564 dom.

331 4595 366 4644 ΙΙ.
387 4597 436 4647 Per
458 4604 543 4651 totum
567 4607 647 4665 caput
669 4617 753 4666 paene
775 4602 809 4651 ad
830 4602 937 4652 verbum
960 4605 1098 4653 consentit
1120 4603 1177 4653 cod.
1198 4602 1271 4651 nmb.
1293 4603 1320 4651 in
1340 4601 1453 4652 Pseudo·

263 4680 361 4731 matth.
376 4684 410 4741 11,
430 4686 452 4733 l.

334 4771 356 4818 1.
383 4769 423 4820 lbi
440 4773 496 4821 est:
523 4771 627 4822 Factum
646 4778 683 4822 eat
706 4778 789 4823 autem
807 4790 862 4824 eum
878 4800 887 4810 ·
904 4790 1025 4836 opprop,
1050 4771 1162 4824 [oachim
1180 4759 1234 4822 cam
1252 4797 1261 4809 ·
1279 4772 1455 4822 Iwolimam

315 4847 398 4898 avenz.
407 4861 481 4900 apocr.
491 4853 525 4893 ed.
536 4852 688 4895 'rischendert
703 4853 743 4894 ltu.
753 4854 781 4894 11.
1226 4858 1242 4906 8
