3458 5640
385 603 721 655 essurio-umnam
739 601 981 652 avuncunlum.
1010 601 1083 654 CAP.
1102 603 1177 653 lun.
1343 601 1383 664 ’Π

182 753 324 821 animali
335 753 484 819 Mariam
501 759 537 820 ot
551 752 689 836 ingredi
706 753 742 816 in
760 751 963 834 speluncam
974 751 1249 833 subterraneam,
1266 752 1303 818 in
1316 774 1384 837 qua

181 858 240 925 lux
264 880 332 924 non
356 857 425 922 luit
446 879 599 942 unquam
622 855 683 922 scd
707 876 844 940 semper
862 853 1044 936 tenebrae,
1069 856 1152 940 quia
1173 856 1291 921 lumen
1312 856 1383 922 diei

181 963 321 1048 penitus
344 982 414 1026 non
435 961 598 1027 habebat.
629 958 687 1025 Ad
708 960 904 1044 ingressum
919 980 999 1025 vero
1015 958 1152 1026 Mariae
1172 961 1289 1045 coepit
1311 966 1384 1026 tota

181 1064 350 1150 spelunca
369 1065 593 1149 splendorem
614 1063 759 1147 habere,
788 1067 824 1129 ct
846 1063 946 1147 quasi
968 1061 1021 1127 sol
1045 1062 1095 1128 ibi
1121 1070 1215 1130 esset
1238 1065 1289 1129 ita
1309 1069 1384 1130 tota

181 1169 353 1254 fulgorem
376 1169 464 1234 lucis
487 1167 690 1248 ostendere3
714 1173 749 1233 et
770 1167 871 1251 quasi
893 1171 987 1232 esset
1007 1166 1057 1232 ibi
1078 1166 1164 1233 hora
1180 1168 1251 1234 diei
1274 1174 1382 1248 sexta,

180 1273 231 1337 ita
247 1270 449 1354 speluncam
472 1272 531 1336 lux
547 1271 664 1337 divina
683 1270 886 1349 illustravit3
909 1290 973 1334 nec
994 1270 1030 1334 iu
1053 1269 1109 1335 dia
1131 1272 1254 1336 necin
1279 1275 1382 1335 nocte

180 1375 240 1439 lux
263 1374 311 1439 ibi
335 1375 451 1440 divina
474 1373 589 1440 defuit
605 1374 770 1458 quamdiu
791 1373 841 1437 ibi
860 1372 975 1437 Maria
991 1371 1069 1437 fuit.
1105 1373 1154 1438 Et
1175 1373 1225 1439 ibi
1244 1372 1383 1457 peperit

180 1477 387 1559 masculum,
412 1499 514 1561 quem
532 1477 838 1544 circumdederunt
857 1475 973 1559 angeli
990 1481 1191 1542 nascentem
1211 1483 1246 1543 ot
1261 1481 1380 1542 natum

182 1581 415 1648 adoraverunt
434 1582 607 1648 dicentes:
640 1580 763 1648 Gloria
786 1581 822 1645 iu
844 1579 992 1646 excelsis
1010 1579 1075 1646 deo
1097 1585 1133 1645 et
1153 1581 1189 1645 in
1205 1586 1299 1647 terra
1315 1602 1381 1664 pax

181 1686 381 1753 hominibus
401 1684 514 1752 bonae
535 1686 734 1753 voluntatis.
781 1685 884 1750 'Iam
906 1684 998 1750 enim
1015 1683 1146 1750 dudum
1161 1683 1291 1768 Ioseph
1307 1705 1383 1769 per·

183 1797 321 1857 rexerat
342 1789 386 1856 ad
409 1790 627 1875 quaerendas
654 1790 872 1857 obstetricae.
920 1788 989 1873 Qui
1010 1810 1087 1854 cum
1108 1811 1266 1856 reversus
1290 1793 1383 1855 esset

182 1893 226 1958 ad
243 1894 454 1978 speluncam,
474 1893 589 1960 Maria
603 1896 670 1960 iam
687 1893 858 1960 infantem
875 1899 1054 1978 genuerat.
1085 1893 1133 1957 Et
1149 1893 1237 1958 dixit
1252 1892 1381 1975 Ioseph

182 1995 227 2060 ad
243 1996 405 2061 Mariam:
435 1997 511 2081 Ego
529 1998 594 2062 tibi
609 1998 744 2063 Zelomi
772 2003 807 2061 ot
823 1995 986 2062 Salomon
1009 1996 1218 2062 obstetrices
1241 1994 1380 2078 adduxi,

184 2120 273 2182 quae
290 2098 375 2165 foris
396 2106 476 2166 ante
494 2100 695 2185 speluncam
712 2105 807 2166 stant
828 2105 863 2164 et
883 2120 966 2182 prae
983 2098 1170 2182 splendore
1188 2097 1293 2163 nimio
1315 2098 1383 2165 hnc

183 2202 329 2268 introire
347 2225 415 2268 non
433 2204 572 2269 audent.
596 2201 757 2269 Audiens
775 2207 891 2269 autem
908 2202 1120 2267 haecMaria
1136 2201 1291 2267 subrisit.
1316 2200 1382 2267 Oui

183 2304 313 2390 Ioseph
323 2306 424 2372 dixit:
448 2307 531 2374 Noli
548 2308 740 2390 subridere,
758 2306 820 2373 sed
832 2312 935 2372 cauta
951 2311 1036 2388 esto,
1055 2328 1097 2372 ne
1115 2305 1204 2372 forte
1222 2304 1382 2389 indigeas

186 2502 376 2511 -ι--------.-4
383 2505 387 2509 .
394 2505 396 2510 .

180 2621 325 2686 speluncam
336 2622 451 2686 inpelli,
469 2636 504 2672 ea
516 2627 542 2672 et
550 2639 593 2687 pr.
607 2622 695 2672 beatae
708 2623 813 2673 Mariae
824 2625 854 2671 ut
864 2621 1025 2670 descmdmt
1036 2621 1068 2670 de
1080 2622 1156 2670 anim.
1169 2624 1194 2670 et
1205 2619 1313 2670 subterr.
1326 2633 1381 2684 spe·

182 2707 248 2756 lunc.
261 2708 373 2757 intraret
384 2707 413 2771 (a
425 2713 452 2757 et
462 2709 639 2772 inprederetur
650 2725 702 2773 epe.
715 2709 801 2758 subter
813 2706 933 2770 caverna)
951 2705 956 2772 )
977 2707 1005 2756 is
1017 2722 1067 2771 pua
1080 2707 1125 2756 leue
1135 2723 1185 2757 uon
1191 2707 1251 2772 suit
1261 2720 1319 2770 unq.
1333 2704 1381 2769 (es

181 2810 307 2859 serapem
319 2794 387 2857 erat)
398 2796 443 2843 sed
455 2810 475 2843 s.
489 2794 582 2845 tenebr.
598 2794 626 2859 (c
639 2794 817 2860 eddsuerunt)
832 2798 863 2843 ut
875 2807 963 2853 cnam
976 2807 993 2842 a
1005 2794 1031 2842 in
1044 2810 1094 2858 qua
1106 2809 1181 2858 serap.
1195 2792 1273 2842 teseb.
1287 2797 1362 2842 mant
1375 2791 1380 2858 )

184 2880 245 2944 qaia
256 2880 337 2930 lumen
351 2882 380 2943 (a
393 2881 483 2944 mrem)
499 2908 506 2917 ·
520 2882 627 2931 babebat
645 2888 676 2930 ut
688 2894 757 2941 cos,
777 2895 813 2930 nn
826 2882 886 2946 qnia
899 2881 957 2930 lum
971 2882 1005 2930 sti.
1019 2880 1133 2946 resipere
1145 2897 1194 2931 non
1200 2883 1306 2946 poterat
1319 2876 1324 2945 )
1339 2879 1382 2929 Ac

182 2969 320 3033 inpressoro
333 2987 391 3021 cero
402 2969 431 3033 (o
445 2970 497 3020 add
511 2969 726 3034 beataemariae
739 2997 747 3008 ·
760 2970 888 3037 splendor.
901 2971 993 3021 labere
1006 2969 1036 3034 (n
1047 2971 1180 3037 splendere
1191 2973 1216 3020 et
1229 2966 1381 3031 clarescere)

183 3082 192 3093 -
205 3057 241 3106 ibi
251 3058 343 3107 Μανία
352 3059 411 3123 snit
425 3065 456 3109 nt
469 3071 517 3118 cn,
536 3072 552 3107 s
566 3059 655 3108 Sedis
667 3060 781 3123 inpressu
793 3059 898 3109 Mariae
910 3060 977 3124 cepit
988 3063 1044 3108 tota
1055 3059 1118 3124 spel.
1131 3059 1260 3124 splendor.
1273 3058 1330 3107 lab.
1343 3058 1381 3106 ni·

183 3144 266 3204 mium
278 3149 303 3195 et
315 3147 388 3210 qnasi
400 3146 439 3195 sol
450 3146 542 3196 inesset
554 3147 592 3195 ita
604 3150 660 3196 tota
672 3147 738 3211 cepit
750 3172 758 3182 ·
771 3146 859 3195 (licina
868 3147 959 3211 pratia
971 3145 1135 3203 illustrabam
1149 3162 1213 3210 puae
1226 3145 1270 3194 lun
1282 3161 1331 3194 non
1340 3145 1381 3194 de·

183 3232 246 3288 ferit
257 3249 303 3280 nee
314 3233 340 3280 in
349 3232 391 3281 die
400 3249 444 3280 nec
457 3234 483 3280 in
492 3249 532 3281 no.
543 3235 662 3297 quansdiu
675 3259 683 3269 ·
695 3235 802 3290 mansit‚·
815 3246 851 3282 en
863 3234 969 3298 Cumque
982 3234 1201 3298 inpressnsuisset
1209 3233 1284 3282 beata
1293 3231 1384 3281 Μανία

184 3317 211 3365 in
223 3334 289 3376 eam,
307 3319 389 3381 eoepit
401 3322 456 3367 tota
467 3319 601 3382 splendore
613 3318 765 3376 clarescere,
783 3320 856 3383 quasi
867 3321 932 3367 bora
943 3320 995 3367 diei
1007 3323 1080 3368 serta
1091 3323 1170 3368 esset:
1188 3320 1227 3366 ita
1238 3318 1383 3382 speluncam

185 3403 230 3450 lus
241 3404 292 3450 dic.
305 3402 456 3451 illustrabat
472 3408 501 3450 ut
512 3420 557 3450 nec
569 3405 595 3451 in
607 3404 648 3452 die
659 3420 705 3452 nec
720 3405 747 3451 in
759 3408 824 3452 noct.
837 3405 873 3452 ibi
884 3404 1008 3467 dej⁴reerlt,
1028 3404 1147 3467 qumrudiu
1164 3403 1199 3451 ibi
1202 3404 1297 3467 suerat
1309 3403 1384 3452 beata

183 3488 254 3536 Μαν.
269 3484 274 3553 Ι
287 3488 336 3536 ibi.-
354 3500 371 3535 α
383 3502 424 3536 om
439 3484 443 3552 Ι
457 3487 608 3536 masculum:
621 3501 637 3535 a
651 3488 703 3536 odd
716 3490 769 3537 sine
781 3483 870 3538 dolore
884 3486 888 3552 Ι
903 3505 973 3553 quem
985 3489 1104 3537 mrcnnsd.
1118 3504 1176 3553 anp.
1189 3505 1258 3536 rensc.
1273 3488 1301 3550 (s
1313 3504 1382 3538 naec.

183 3572 253 3636 asp.)
266 3577 292 3622 et
303 3578 356 3622 nat.
371 3574 399 3636 (a
409 3573 461 3622 add
471 3575 569 3637 statim)
583 3576 656 3625 ador.
669 3576 719 3623 dic.
732 3579 764 3624 ut
776 3588 845 3635 σονς
859 3589 894 3624 Aa
905 3592 975 3640 quern
984 3577 1140 3639 capitatim
1150 3575 1268 3625 circumd.
1280 3592 1383 3625 nascen-

182 3663 239 3718 tem,
252 3675 321 3724 quem
333 3664 419 3709 natum
431 3664 457 3709 et
468 3677 544 3724 snper
552 3663 632 3725 pedes
643 3677 702 3711 suos
713 3678 769 3711 mo:
781 3667 889 3712 stantem
902 3661 976 3712 ador.
989 3663 1039 3711 dic.

250 3749 274 3796 3.
293 3746 350 3794 Iam
361 3746 426 3795 enim
439 3772 447 3782 ·
461 3747 495 3796 ad
508 3749 667 3811 quaerendas
678 3748 780 3797 obstetr.
796 3749 823 3810 (o
837 3749 1049 3812 adquaerendam
1061 3746 1229 3810 obstetricem)
1243 3772 1252 3783 ·
1260 3750 1384 3810 penuerat
1459 3768 1463 3778 ¹

182 3836 214 3880 ut
226 3844 276 3891 ους
294 3844 328 3880 ΑΒ
341 3831 399 3880 Iam
414 3832 479 3879 enim
490 3834 615 3881 nativitas
626 3833 721 3881 domin
733 3834 885 3889 advenerat,
904 3839 928 3881 ct
940 3834 1032 3897 Iosepb
1041 3838 1196 3898 perrexerat
1208 3848 1330 3897 quaerere
1342 3833 1382 3881 ob·

182 3916 304 3965 etetriees.
333 3915 383 3976 Qui
395 3933 449 3964 cum
461 3918 608 3975 inuenisset,
626 3934 743 3967 reuersus
754 3922 793 3967 est
809 3919 843 3967 ad
854 3918 917 3981 spel.
936 3923 961 3966 et
979 3919 1075 3967 incenit
1086 3934 1140 3966 sinn
1152 3918 1244 3968 Μανία
1260 3919 1383 3982 infantem

183 4017 253 4064 ᾳιιννα
265 4005 403 4064 peniteret,
422 4015 438 4050 a
451 4002 568 4063 (omissis
581 4003 638 4050 lam
656 4004 721 4051 enim
732 4019 780 4065 usq
798 4003 956 4064 obstetrices)
969 4004 1007 4052 Et
1024 4003 1153 4052 inveniens
1165 4003 1257 4066 loseph
1269 4002 1383 4051 Mariam

183 4101 238 4133 am
248 4086 347 4150 infame
357 4091 566 4150 permanserat,
578 4103 694 4150 pergens
706 4088 774 4135 dicit
786 4090 820 4136 ad
831 4105 886 4137 eam
900 4085 904 4152 )
919 4090 957 4137 Jlt
969 4087 1017 4151 (aa
1028 4088 1081 4151 orn)
1094 4089 1162 4137 dicit
1173 4089 1212 4136 1ο.
1226 4089 1261 4136 acl
1273 4086 1320 4149 (aa
1330 4087 1383 4136 edd

183 4169 289 4233 δναίααι)
302 4170 372 4219 Μαν.
386 4176 417 4220 ut
429 4184 516 4230 cona,
536 4185 553 4220 s
566 4171 627 4221 vide
640 4176 704 4222 ente
718 4171 722 4237 )
738 4174 795 4235 Epo
808 4173 855 4221 tibi
867 4173 963 4222 Zelonn
980 4173 1022 4235 (ut
1034 4187 1083 4231 eo,
1103 4178 1198 4236 postea
1216 4174 1297 4222 etiem
1312 4187 1345 4231 υς
1367 4187 1382 4222 c

183 4255 289 4314 Zelemi,·
301 4269 320 4305 1>
334 4257 359 4304 h.
370 4257 389 4304 l.
402 4255 511 4314 Zaelem,
524 4272 649 4321 compara
661 4257 689 4320 u)
702 4262 726 4306 et
740 4259 858 4308 Solamen
872 4257 919 4321 (aa
931 4258 988 4322 me)
1002 4284 1011 4295 ·
1024 4262 1083 4308 ante
1094 4259 1158 4323 spel.
1168 4257 1217 4321 (ea
1226 4263 1285 4307 ante
1294 4259 1384 4307 oenum

185 4341 330 4407 speluncae)
344 4346 376 4394 ut
388 4355 477 4404 onem
495 4357 512 4393 a
525 4344 593 4393 Ecce
606 4345 723 4393 Zabelem
736 4346 783 4394 tibi
794 4345 951 4395 obstetricem
964 4345 1062 4395 addam
1069 4382 1076 4404 ,
1095 4362 1159 4410 quae
1175 4361 1230 4393 eece
1239 4345 1313 4410 soris
1324 4349 1384 4394 ante
1406 4364 1408 4369 ·

184 4427 246 4494 spel.
258 4434 312 4479 stat
329 4426 333 4497 )
353 4434 378 4480 et
386 4446 453 4495 prae
465 4431 513 4496 spl.
527 4432 585 4479 nim.
598 4433 646 4480 bus
659 4432 734 4482 intro.
747 4449 797 4482 non
810 4433 868 4481 aad.
882 4431 910 4495 (o
922 4433 963 4481 bic
974 4449 1024 4482 non
1033 4436 1142 4497 possunt
1153 4432 1226 4495 intr.)
1239 4436 1270 4480 nt
1282 4444 1332 4491 οὓς
1347 4446 1383 4481 ια

182 4531 248 4582 prae
260 4516 335 4566 amm
347 4517 396 4581 spl.
408 4534 458 4568 eon
470 4519 591 4568 cadentes
602 4519 649 4568 bue
661 4519 773 4583 inpredi,
793 4533 808 4569 a
822 4521 882 4584 qnia
891 4537 958 4585 prae
969 4520 1046 4570 nimio
1057 4520 1108 4585 epl.
1126 4521 1174 4569 bue
1186 4536 1235 4569 reon
1244 4523 1329 4585 potest
1345 4520 1383 4568 in·

185 4604 265 4654 tratre
282 4599 287 4669 )
305 4605 419 4654 Audiens
430 4610 512 4655 autem
526 4605 555 4669 (o
569 4605 622 4671 om)
635 4608 697 4655 laec
709 4606 756 4670 (nu
770 4608 859 4667 beata,
878 4608 942 4658 item
955 4623 973 4658 n
992 4608 1045 4657 sdd
1058 4607 1144 4670 beata)
1158 4609 1213 4658 Μα.
1226 4608 1293 4657 subr.
1312 4604 1316 4672 )
1338 4607 1384 4656 Oui

186 4691 239 4740 dia.
252 4690 303 4741 Ios.
316 4690 364 4754 (Io.
376 4691 424 4755 di.)
437 4698 468 4743 nt
480 4706 552 4754 nam
571 4694 637 4744 oEt
648 4695 701 4744 die.
718 4695 753 4744 ad
770 4712 824 4745 eam
836 4695 889 4754 Ia,
908 4696 976 4746 110.
995 4699 1079 4745 autem
1090 4696 1143 4744 dis.
1161 4696 1195 4744 ad
1211 4712 1265 4745 earn
1279 4693 1283 4762 )
1297 4696 1341 4745 sed
1353 4693 1382 4757 (a

169 4832 171 4836 Α
188 4775 242 4839 om)
255 4781 330 4827 cauta
342 4783 393 4828 esto
406 4778 433 4841 (s
445 4784 490 4850 est.
504 4779 572 4843 eae.)
585 4785 616 4829 ut
625 4793 675 4840 ους
689 4793 725 4830 aa
735 4781 787 4830 add
800 4786 829 4831 ut
841 4787 865 4831 te
876 4783 988 4841 visitant,
1001 4782 1066 4832 item
1076 4795 1093 4832 a
1104 4786 1134 4831 ut
1145 4783 1267 4847 inspmiat
1277 4786 1302 4831 te
1316 4777 1320 4846 )
1334 4798 1382 4831 me·
