3458 5640
263 574 322 620 m
476 608 479 619 ,
724 560 994 612 visontionem.

263 709 411 792 baptista
433 707 520 790 apud
542 708 665 774 inferos
686 708 767 773 dicit
788 708 862 772 Διὰ
883 706 987 772 τοῦτο
1011 709 1203 773 rimer-reihe
1227 732 1267 792 με
1290 715 1340 774 καὶ
1362 711 1458 794 mpdu

265 815 354 905 ὒμᾶσ
379 821 436 905 'ipo
466 818 591 904 κηρύξω
622 825 712 884 ωῶσ
742 825 876 905 ἔρχεται
908 818 926 883 ὃ
954 820 1147 907 μομογεμὴσ
1178 819 1252 884 υῑόσ
1282 817 1345 885 τοῦ
1377 817 1459 886 θεοῦ

267 933 347 1010 ὧδε,
365 935 422 1019 ἰ’μα
445 929 542 996 douc
564 933 735 1017 ωιστεὺσῌ
758 930 852 1018 ωρὸσ
876 931 977 1018 αὖτὸμ
1002 931 1212 1010 σωθήσεται,
1237 931 1335 997 dorio
1357 934 1395 997 δὲ
1419 933 1454 998 oi

265 1043 444 1110 ωιστεὺσει
476 1046 528 1108 elo
559 1042 661 1130 αῦτόμ
694 1043 977 1130 κατακριθήσεται.
1028 1042 1103 1130 Quo
1130 1046 1165 1111 in
1193 1065 1229 1111 ro
1259 1066 1359 1130 grave
1387 1067 1459 1114 esse

266 1162 347 1243 puto
370 1157 457 1241 quod
484 1157 651 1240 baptistae
680 1157 802 1240 oratio,
833 1155 931 1241 plane
958 1157 1164 1224 conformata
1187 1158 1230 1224 ad
1252 1158 1310 1224 illa
1332 1157 1459 1226 Christi

265 1270 377 1354 verba,
403 1273 480 1353 post
502 1268 675 1354 mucredcq
699 1270 823 1336 omittit
845 1275 895 1335 xci
924 1268 1112 1354 θαωτισθῇ,
1140 1272 1336 1354 praesertim
1358 1293 1459 1355 quum

266 1386 381 1447 auctor
411 1379 513 1446 libelli
547 1382 679 1447 omnino
708 1381 827 1448 doceat
856 1386 1005 1448 mortuos
1033 1383 1105 1447 nisi>
1124 1383 1310 1465 baptizatos
1338 1384 1379 1448 ad
1408 1404 1460 1449 sa·

265 1492 366 1558 lutem
401 1491 573 1574 pervenire
610 1512 677 1557 non
714 1511 820 1574 posse.
878 1491 927 1558 Of.
958 1491 1080 1559 ibidem
1110 1491 1177 1557 XI.
1213 1493 1383 1579 ωρότερομ
1422 1497 1460 1557 δὲ

267 1602 435 1686 ἆωελθεῖμ
465 1604 501 1686 ep
529 1597 583 1687 τῷ
605 1601 753 1687 Ἰορδὰμῃ
781 1606 830 1666 καὶ
858 1601 1095 1688 Βαωτισθῆμαι.
1145 1603 1238 1668 ὄωου
1266 1609 1315 1668 καῖ
1343 1603 1459 1669 ‹inueh-

266 1713 391 1799 θόμτεσ
414 1715 667 1799 ἑθαωτίσθκμεμ
691 1719 751 1780 etc.
797 1712 833 1782 si
856 1715 958 1799 igitur
980 1716 1067 1782 idem
1085 1716 1272 1799 scripsisset
1285 1720 1461 1800 utramque

265 1827 343 1893 libri
364 1831 501 1912 partem,
524 1847 598 1893 oum
618 1827 752 1893 minimo
766 1827 1077 1912 praetermissurum
1092 1828 1194 1895 fuisse
1209 1833 1290 1913 puto
1305 1829 1339 1895 in
1355 1828 1462 1895 altera

266 1939 347 2005 illud
370 1941 458 2023 quod
480 1941 515 2005 in
536 1941 648 2024 priore
670 1941 845 2023 posuisset.

353 2054 387 2135 5)
417 2051 470 2116 Ea
491 2072 576 2134 quae
604 2053 713 2135 capite
736 2050 834 2120 XVI.
862 2052 950 2116 circa
971 2049 1167 2134 Symeonem
1194 2056 1368 2117 versantur
1396 2073 1462 2118 non

267 2168 345 2229 sunt
367 2161 526 2228 eiusmodi
548 2167 586 2226 ut
608 2167 776 2245 exspectes
796 2154 937 2228 filiorum
953 2161 1126 2245 Symeonis
1141 2162 1323 2227 historiam.
1354 2159 1463 2247 Quam

268 2275 296 2340 si
319 2278 435 2340 auctor
456 2272 577 2356 prioris
600 2272 705 2355 partis
728 2273 763 2338 in
786 2273 894 2339 animo
916 2272 1099 2356 habuisset,
1122 2272 1188 2338 iam
1211 2293 1249 2338 eo
1272 2273 1345 2339 loco
1367 2293 1462 2356 prae·

266 2385 448 2470 parandam
476 2383 588 2468 aliquo
616 2383 713 2450 modo
737 2384 893 2451 duxisset.
935 2383 1082 2451 Possunt
1108 2383 1166 2449 illa
1188 2403 1265 2450 vero
1288 2385 1323 2449 in
1345 2404 1464 2450 caussa

268 2498 369 2565 fuisse
397 2519 454 2563 cur
475 2496 557 2563 haec
579 2497 619 2563 de
640 2496 795 2562 redivivis
816 2496 958 2567 historia
979 2495 1211 2581 interpolatori
1233 2496 1276 2561 ad
1298 2496 1462 2580 complen-

268 2612 344 2676 dum
368 2608 571 2693 evangelium
593 2608 713 2675 idonea
735 2608 910 2673 videretur.

354 2720 447 2806 Quae
470 2741 569 2803 quum
597 2720 646 2784 ita
674 2740 745 2785 esse
772 2718 1025 2801 intellexissem,
1051 2719 1099 2784 rei
1128 2718 1263 2783 criticae
1286 2738 1324 2783 eo
1348 2738 1463 2783 consu·

275 2832 410 2898 lendum
431 2830 573 2896 iudicavi
596 2834 634 2894 ut
655 2829 794 2907 alteram
814 2835 942 2913 partem
958 2830 999 2896 ab
1014 2829 1120 2895 altera
1134 2829 1317 2894 seiunctam
1333 2828 1464 2895 ederem

270 2942 477 3030 Quamquam
499 2946 649 3025 apertum
668 2947 718 3008 est
733 2941 908 3007 secundam
923 2946 1059 3025 partem,
1082 2940 1354 3024 quemadmodum
1369 2963 1465 3007 nunc.

271 3059 335 3137 est,
366 3073 432 3118 non
461 3052 543 3117 satis
570 3073 629 3135 per
658 3072 693 3116 se
721 3056 819 3117 stare.
863 3053 942 3120 Sola
965 3051 1096 3135 quidem
1123 3073 1189 3116 non
1218 3052 1352 3117 inventa
1380 3058 1430 3116 est
1441 3053 1463 3137 1)

270 3166 335 3231 nisi
356 3164 391 3228 in
414 3163 541 3229 duobus
565 3162 656 3229 codd.
679 3184 726 3247 gr.
741 3163 881 3232 Venetis
905 3162 1004 3244 (Nan.
1027 3166 1096 3229 157.
1120 3168 1154 3228 et
1177 3165 1270 3245 154),
1294 3185 1394 3246 uque
1416 3164 1465 3229 ita

272 3276 403 3363 quidem
427 3280 464 3340 ut
487 3297 526 3341 ex
549 3274 664 3343 Gestis
684 3273 787 3340 Pilati
810 3275 915 3340 altera
937 3280 1032 3359 parte
1057 3277 1123 3340 iam
1145 3276 1252 3340 auctis
1275 3275 1464 3358 decerptam

272 3408 343 3454 esse
366 3391 533 3470 appareat.
576 3385 673 3451 Unde
697 3385 904 3468 concluseris,
927 3407 997 3451 esse
1020 3386 1199 3468 aliquando
1221 3386 1306 3450 hanc
1327 3386 1366 3450 de
1389 3387 1465 3451 liliis

271 3499 442 3584 Symeonis
473 3497 627 3580 redivivis
658 3496 831 3562 historiam
863 3495 1120 3563 celebratissimo
1150 3497 1236 3601 libro
1268 3495 1309 3561 de
1339 3495 1464 3562 ultimis

273 3609 397 3678 Christi
419 3608 516 3674 rebus
539 3629 713 3676 annexam:
737 3608 824 3693 quod
847 3609 911 3674 nisi
934 3607 1057 3674 factum
1080 3613 1175 3690 esset,
1197 3606 1301 3673 videri
1324 3629 1397 3672 cum
1413 3613 1466 3674 tot

273 3723 346 3790 aliis
368 3722 500 3807 scriptis
521 3721 704 3806 perituram
726 3720 836 3788 fuisse.

359 3834 442 3904 (lum
464 3835 526 3925 hac
541 3835 581 3903 de
603 3836 730 3908 unitate
752 3835 828 3901 lihri
851 3835 1043 3920 quaestione
1066 3835 1302 3920 coniungarnus
1326 3834 1465 3902 altermn

274 3949 313 4016 de
335 3950 528 4036 integritate
548 3949 686 4016 duorum
703 3969 787 4032 quae
810 3948 969 4013 edidimus
992 3948 1211 4032 exordiorum,
1233 3948 1356 4032 quippe
1379 3948 1465 4014 unde

273 4082 472 4144 magnopere
499 4060 641 4144 pendeat
662 4081 762 4143 quum
791 4061 972 4126 auctoritas
995 4059 1085 4124 tituli
1107 4080 1146 4124 ex
1170 4081 1236 4143 quo
1259 4059 1464 4142 evangelium

358 4224 381 4290 ²)
399 4227 496 4276 lactine
515 4227 598 4276 solem
616 4226 708 4276 iuveni
727 4227 755 4276 in
774 4226 887 4275 historic
905 4226 1060 4289 evangelice
1079 4225 1179 4274 codicis
1193 4225 1360 4275 Ambrosicni
1381 4226 1465 4286 nos..

273 4325 304 4360 ex
323 4309 483 4374 apocryphis
502 4313 530 4360 et
547 4309 683 4359 canonicis
702 4309 831 4368 conflato,
856 4308 902 4358 ubi
926 4307 1085 4367 „Ploratunr
1109 4313 1137 4358 et
1158 4309 1379 4358 lamentationem
1399 4325 1465 4374 quor

272 4394 391 4444 faciebat
409 4394 484 4458 virgo
502 4391 588 4442 Maria
606 4392 639 4443 de
657 4393 713 4443 illio
732 4395 802 4442 suo“
827 4393 927 4457 excipit
949 4391 1152 4451 „Resuscitatio
1175 4391 1288 4440 illiorum
1310 4394 1399 4442 sancti
1418 4392 1465 4459 Sy·

273 4480 402 4528 mecnir.“
438 4476 501 4542 lpse
519 4492 581 4528 vero
599 4478 697 4543 incipit
708 4477 797 4527 verbis
816 4477 858 4526 his
876 4477 926 4535 „ln
946 4476 1086 4541 evengelio
1104 4481 1192 4526 autern
1206 4475 1347 4526 Nicodemi
1366 4479 1467 4543 legitur

273 4562 343 4628 quod
363 4560 488 4613 Cerrinus
506 4567 534 4612 et
551 4561 723 4613 Leontinus*
743 4567 795 4612 etc.
830 4561 901 4612 ilinc
920 4562 943 4611 ir
961 4560 1044 4612 codex
1062 4565 1121 4611 nou'
1136 4562 1215 4611 valet
1227 4559 1261 4611 cd
1280 4563 1466 4626 quaestionem

272 4650 446 4715 propositam·
