3458 5640
617 1756 1116 1864 PRAEFATIO.

807 2014 926 2021 ——-..-

356 2220 439 2306 Quis
457 2227 518 2288 'est
548 2222 605 2306 qui
636 2243 702 2289 non
731 2222 858 2306 lugeat,
891 2221 1146 2290 Constantinum
1175 2221 1215 2288 de
1243 2220 1465 2290 TISOHEN·
1491 2279 1494 2290 ,

269 2334 414 2418 DORF,
445 2335 551 2400 airum
583 2334 664 2400 artis
696 2334 832 2401 criticae
865 2334 1187 2419 experientissimum
1219 2339 1318 2418 atque
1345 2334 1385 2401 de
1416 2335 1464 2401 in·

268 2447 459 2531 vestigando
502 2447 772 2531 restituendoque
816 2451 909 2512 textu
948 2467 1014 2513 non
1049 2446 1155 2512 solum
1191 2446 1353 2514 librorum
1388 2469 1463 2514 vere

268 2580 437 2624 sacrorum
465 2558 522 2624 sed
551 2559 650 2624 etiam
679 2581 791 2625 eorum
815 2559 873 2642 qui
899 2580 960 2642 pro
990 2558 1092 2623 sacris
1119 2557 1236 2624 haberi
1262 2558 1378 2625 volunt
1403 2558 1463 2625 im·

268 2671 453 2735 mortaliter
490 2671 661 2753 meritum,
698 2671 816 2735 mediis
847 2670 881 2734 in
915 2669 1087 2735 laboribus
1123 2669 1343 2753 gravissimis,
1380 2692 1462 2753 quos

268 2781 418 2864 corporis
447 2775 756 2865 animique'rigore
784 2780 887 2846 fretus
917 2785 1120 2863 susceperat,
1148 2802 1259 2845 mense
1285 2780 1463 2846 Decembri

266 2892 344 2957 anni
366 2892 685 2960 MDOCOLXXIV
699 2892 821 2958 litteris
844 2913 914 2958 esse
939 2892 1101 2976 ereptum!
1131 2892 1246 2958 Etiam
1268 2892 1364 2957 alteri
1387 2891 1463 2958 huic

269 3004 513 3087 evangeliorum
545 3003 809 3088 apocryphorum
842 3002 979 3069 editioni
1014 3003 1210 3068 immortuus
1249 3008 1315 3084 est,
1351 3024 1463 3087 quam-

268 3135 366 3197 quarn
402 3115 640 3199 propemodum
677 3114 717 3180 ad
748 3114 846 3180 finem
885 3137 957 3180 eam
994 3113 1209 3198 perduxerat3
1255 3113 1338 3179 nihil
1376 3115 1462 3180 enim

269 3224 490 3309 adjiciendum
519 3231 603 3309 erat,
630 3226 695 3291 nisi
722 3225 893 3310 praefatio.
936 3225 986 3290 At
1013 3225 1094 3291 haec
1121 3226 1194 3310 ipsa
1221 3226 1248 3289 si
1271 3224 1351 3309 quid
1372 3225 1462 3293 aliud

267 3357 399 3419 operam
424 3337 570 3421 ejusdem
592 3338 653 3403 viri
678 3336 881 3422 requirebat,
910 3337 966 3422 qui
990 3337 1087 3402 huius
1110 3337 1265 3403 editionis
1288 3338 1462 3405 consilium

266 3453 375 3514 mente
404 3456 600 3533 conceperat
628 3455 662 3515 et
690 3449 780 3514 solus
808 3470 922 3515 eorum
951 3471 1035 3533 quae
1063 3449 1098 3514 in
1127 3471 1166 3514 ea
1193 3449 1340 3516 recentia
1368 3472 1461 3535 prae-

264 3560 389 3626 stiterit
411 3561 475 3627 sibi
499 3562 651 3629 conscius
675 3567 754 3627 erat
788 3559 898 3628 Tanto
922 3561 1026 3646 magis
1045 3561 1283 3646 deplorandum
1306 3568 1364 3648 est,
1387 3585 1461 3630 eum

264 3695 305 3740 ne
327 3673 509 3739 litterulam
537 3675 685 3758 quidem,
714 3674 833 3740 nedum
857 3675 1142 3741 adumbrationem
1166 3676 1330 3760 propositi
1354 3677 1405 3742 sui
1428 3683 1461 3743 et

264 3808 421 3852 uovorum
445 3786 677 3871 subsidiorum,
699 3809 783 3871 quae
807 3788 837 3853 ei
860 3788 1093 3872 suppetierint,
1120 3788 1304 3873 reliquisse.
1350 3789 1460 3874 Quare

262 3897 416 3963 diffidens
440 3898 565 3963 viribus
588 3899 669 3963 meis
693 3904 726 3964 ot
749 3899 924 3964 reluctanti
948 3899 1058 3965 animo
1088 3899 1232 3965 officium
1260 3900 1460 3984 supplendae

263 3994 479 4090 praefationis
500 4010 638 4092 ariocopi,
663 4010 714 4073 cui
739 4009 856 4074 lubens
880 4032 931 4075 me
954 4010 1200 4092 subtraxissem,
1224 4010 1251 4074 si
1271 4010 1364 4075 modo
1384 4032 1459 4076 con·

262 4118 408 4201 tigisset,
431 4124 468 4181 ut
490 4117 587 4196 alius,
612 4118 667 4199 qui
693 4125 726 4181 et
749 4125 885 4199 paratus
909 4124 942 4181 nt
965 4119 1104 4182 idoneus
1127 4125 1227 4200 osset,
1249 4120 1458 4185 inveniretur.

262 4227 426 4312 Suscepto
460 4226 566 4293 officio
598 4226 737 4292 multum
768 4228 930 4313 temporis
962 4228 995 4292 in
1028 4248 1065 4294 eo
1098 4228 1262 4312 implendo
1293 4230 1458 4295 consumsi

256 4341 392 4427 jamque
423 4362 496 4406 cum
527 4338 638 4426 legent
625 4339 714 4406 tibus
746 4340 966 4422 communico,
1004 4362 1088 4425 quae
1120 4341 1295 4427 diligenter
1326 4342 1458 4409 inresti-

262 4453 368 4541 gando
392 4458 492 4538 atque
514 4453 569 4519 hic
591 4453 659 4519 illic
682 4452 856 4520 ditinando
882 4453 1058 4538 explorari

350 4579 376 4641 l.
413 4576 555 4641 Pertt
520 4581 609 4641 otum
634 4582 800 4642 comment
801 4577 907 4641 arium
930 4576 971 4642 ad
997 4577 1262 4662 Protevaaqelium
1284 4578 1393 4652 Jacobi
1417 4599 1457 4643 ex

261 4688 319 4754 illo
343 4687 455 4754 codice
478 4687 649 4753 Dresdano
674 4689 733 4771 (n),
762 4708 802 4752 ex
825 4709 890 4772 quo
914 4689 948 4753 in
971 4687 1222 4772 Prolegomenis
1245 4688 1368 4771 prioris
1391 4689 1457 4756 edi-
