<?xml version="1.0" encoding="UTF-8"?>
<!DOCTYPE html PUBLIC "-//W3C//DTD XHTML 1.0 Transitional//EN"
    "http://www.w3.org/TR/xhtml1/DTD/xhtml1-transitional.dtd">
<html xmlns="http://www.w3.org/1999/xhtml" xml:lang="en" lang="en">
 <head>
  <title>
</title>
<meta http-equiv="Content-Type" content="text/html;charset=utf-8" />
  <meta name='ocr-system' content='tesseract 3.04.00' />
  <meta name='ocr-capabilities' content='ocr_page ocr_carea ocr_par ocr_line ocrx_word'/>
</head>
<body>
  <div class='ocr_page' id='page_1' title='image "./evangeliaapocry02tiscgoog_0259.png"; bbox 0 0 3458 5640; ppageno 0'>
   <div class='ocr_carea' id='block_1_1' title="bbox 605 616 1485 680">
    <p class='ocr_par' dir='ltr' id='par_1_1' title="bbox 605 616 1485 680">
     <span class='ocr_line' id='line_1_1' title="bbox 605 616 1485 680; baseline 0.013 -12"><span class='ocrx_word' id='word_1_1' title='bbox 605 618 769 669; x_wconf 76' lang='lat' dir='ltr'>maroam</span> <span class='ocrx_word' id='word_1_2' title='bbox 791 617 943 668; x_wconf 80' lang='lat' dir='ltr'>rosurur.</span> <span class='ocrx_word' id='word_1_3' title='bbox 972 617 1044 667; x_wconf 79' lang='lat' dir='ltr'>can.</span> <span class='ocrx_word' id='word_1_4' title='bbox 1065 618 1172 668; x_wconf 78' lang='grc' dir='ltr'>χχχιχ.</span> <span class='ocrx_word' id='word_1_5' title='bbox 1426 616 1485 680; x_wconf 83' lang='grc'>139</span> 
     </span>
    </p>
   </div>
   <div class='ocr_carea' id='block_1_2' title="bbox 292 767 1487 1152">
    <p class='ocr_par' dir='ltr' id='par_1_2' title="bbox 292 767 1487 1152">
     <span class='ocr_line' id='line_1_2' title="bbox 293 767 1486 854; baseline -0.001 -19"><span class='ocrx_word' id='word_1_6' title='bbox 293 773 458 854; x_wconf 87' lang='lat' dir='ltr'>quattuor</span> <span class='ocrx_word' id='word_1_7' title='bbox 481 768 670 834; x_wconf 86' lang='lat' dir='ltr'>interficiet</span> <span class='ocrx_word' id='word_1_8' title='bbox 694 788 855 853; x_wconf 84' lang='lat' dir='ltr'>corpora,</span> <span class='ocrx_word' id='word_1_9' title='bbox 886 789 1075 852; x_wconf 84' lang='lat' dir='ltr'>eorumque</span> <span class='ocrx_word' id='word_1_10' title='bbox 1102 767 1259 834; x_wconf 84' lang='lat' dir='ltr'>offundet</span> <span class='ocrx_word' id='word_1_11' title='bbox 1282 768 1486 853; x_wconf 83' lang='lat' dir='ltr'>sanguinem</span> 
     </span>
     <span class='ocr_line' id='line_1_3' title="bbox 292 872 1486 959; baseline -0.002 -19"><span class='ocrx_word' id='word_1_12' title='bbox 292 895 458 959; x_wconf 87' lang='lat' dir='ltr'>aquarum</span> <span class='ocrx_word' id='word_1_13' title='bbox 478 873 514 938; x_wconf 93' lang='lat' dir='ltr'>in</span> <span class='ocrx_word' id='word_1_14' title='bbox 531 872 684 956; x_wconf 89' lang='lat' dir='ltr'>modum,</span> <span class='ocrx_word' id='word_1_15' title='bbox 707 877 851 958; x_wconf 85' lang='lat' dir='ltr'>propter</span> <span class='ocrx_word' id='word_1_16' title='bbox 869 872 1094 958; x_wconf 91' lang='lat' dir='ltr'>opprobrium</span> <span class='ocrx_word' id='word_1_17' title='bbox 1112 872 1167 938; x_wconf 89' lang='lat' dir='ltr'>cui</span> <span class='ocrx_word' id='word_1_18' title='bbox 1193 893 1272 938; x_wconf 88' lang='lat' dir='ltr'>eum</span> <span class='ocrx_word' id='word_1_19' title='bbox 1295 872 1486 958; x_wconf 82' lang='lat' dir='ltr'><strong>exposituri</strong></span> 
     </span>
     <span class='ocr_line' id='line_1_4' title="bbox 293 977 1487 1066; baseline -0.002 -21"><span class='ocrx_word' id='word_1_20' title='bbox 293 984 388 1060; x_wconf 89' lang='lat' dir='ltr'>sunt,</span> <span class='ocrx_word' id='word_1_21' title='bbox 415 985 449 1044; x_wconf 89' lang='lat' dir='ltr'>et</span> <span class='ocrx_word' id='word_1_22' title='bbox 472 979 698 1066; x_wconf 79' lang='lat' dir='ltr'>ignominiam</span> <span class='ocrx_word' id='word_1_23' title='bbox 722 1000 791 1063; x_wconf 91' lang='lat' dir='ltr'>qua</span> <span class='ocrx_word' id='word_1_24' title='bbox 815 977 954 1045; x_wconf 87' lang='lat' dir='ltr'>detecta</span> <span class='ocrx_word' id='word_1_25' title='bbox 977 978 1089 1062; x_wconf 89' lang='lat' dir='ltr'>ipsius</span> <span class='ocrx_word' id='word_1_26' title='bbox 1114 979 1293 1064; x_wconf 76' lang='lat' dir='ltr'>impietate</span> <span class='ocrx_word' id='word_1_27' title='bbox 1320 1000 1398 1045; x_wconf 89' lang='lat' dir='ltr'>eum</span> <span class='ocrx_word' id='word_1_28' title='bbox 1421 978 1487 1044; x_wconf 83' lang='lat' dir='ltr'>vivi</span> 
     </span>
     <span class='ocr_line' id='line_1_5' title="bbox 292 1084 472 1152; baseline 0 -2"><span class='ocrx_word' id='word_1_29' title='bbox 292 1084 472 1152; x_wconf 87' lang='lat' dir='ltr'>notabunt.</span> 
     </span>
    </p>
   </div>
   <div class='ocr_carea' id='block_1_3' title="bbox 732 1288 1041 1356">
    <p class='ocr_par' dir='ltr' id='par_1_3' title="bbox 732 1288 1041 1356">
     <span class='ocr_line' id='line_1_6' title="bbox 732 1288 1041 1356; baseline -0.006 0"><span class='ocrx_word' id='word_1_30' title='bbox 732 1288 853 1356; x_wconf 78' lang='lat' dir='ltr'>Garun</span> <span class='ocrx_word' id='word_1_31' title='bbox 875 1288 1041 1354; x_wconf 89' lang='lat' dir='ltr'>XXXII.</span> 
     </span>
    </p>
   </div>
   <div class='ocr_carea' id='block_1_4' title="bbox 289 1459 1490 2483">
    <p class='ocr_par' dir='ltr' id='par_1_4' title="bbox 289 1459 1490 2483">
     <span class='ocr_line' id='line_1_7' title="bbox 374 1459 1486 1542; baseline -0.002 -16"><span class='ocrx_word' id='word_1_32' title='bbox 374 1461 422 1526; x_wconf 85' lang='lat' dir='ltr'>Et</span> <span class='ocrx_word' id='word_1_33' title='bbox 442 1461 607 1527; x_wconf 84' lang='lat' dir='ltr'>diximus:</span> <span class='ocrx_word' id='word_1_34' title='bbox 640 1460 669 1526; x_wconf 93' lang='grc' dir='ltr'>Ο</span> <span class='ocrx_word' id='word_1_35' title='bbox 693 1460 832 1526; x_wconf 88' lang='lat' dir='ltr'>domino</span> <span class='ocrx_word' id='word_1_36' title='bbox 855 1465 989 1541; x_wconf 86' lang='lat' dir='ltr'>noster,</span> <span class='ocrx_word' id='word_1_37' title='bbox 1018 1459 1104 1525; x_wconf 88' lang='lat' dir='ltr'>deus</span> <span class='ocrx_word' id='word_1_38' title='bbox 1126 1465 1161 1526; x_wconf 90' lang='lat' dir='ltr'>et</span> <span class='ocrx_word' id='word_1_39' title='bbox 1182 1466 1336 1526; x_wconf 86' lang='lat' dir='ltr'>servator</span> <span class='ocrx_word' id='word_1_40' title='bbox 1357 1464 1486 1542; x_wconf 84' lang='lat' dir='ltr'>nostor,</span> 
     </span>
     <span class='ocr_line' id='line_1_8' title="bbox 291 1561 1486 1650; baseline -0.003 -19"><span class='ocrx_word' id='word_1_41' title='bbox 291 1566 432 1650; x_wconf 87' lang='lat' dir='ltr'>quinam</span> <span class='ocrx_word' id='word_1_42' title='bbox 452 1570 535 1630; x_wconf 90' lang='lat' dir='ltr'>sunt</span> <span class='ocrx_word' id='word_1_43' title='bbox 556 1563 608 1628; x_wconf 94' lang='lat' dir='ltr'>illi</span> <span class='ocrx_word' id='word_1_44' title='bbox 632 1569 810 1647; x_wconf 89' lang='lat' dir='ltr'>quattuor,</span> <span class='ocrx_word' id='word_1_45' title='bbox 841 1584 928 1646; x_wconf 87' lang='lat' dir='ltr'>quos</span> <span class='ocrx_word' id='word_1_46' title='bbox 950 1562 1070 1627; x_wconf 78' lang='lat' dir='ltr'>dixisti</span> <span class='ocrx_word' id='word_1_47' title='bbox 1095 1561 1246 1627; x_wconf 89' lang='lat' dir='ltr'>emedio</span> <span class='ocrx_word' id='word_1_48' title='bbox 1269 1562 1486 1628; x_wconf 89' lang='lat' dir='ltr'>sublaturum</span> 
     </span>
     <span class='ocr_line' id='line_1_9' title="bbox 291 1664 1487 1750; baseline -0.003 -15"><span class='ocrx_word' id='word_1_49' title='bbox 291 1690 365 1736; x_wconf 81' lang='lat' dir='ltr'>esse</span> <span class='ocrx_word' id='word_1_50' title='bbox 382 1667 640 1734; x_wconf 83' lang='lat' dir='ltr'>Antichristum</span> <span class='ocrx_word' id='word_1_51' title='bbox 657 1666 700 1732; x_wconf 94' lang='lat' dir='ltr'>ob</span> <span class='ocrx_word' id='word_1_52' title='bbox 719 1665 1022 1750; x_wconf 82' lang='lat' dir='ltr'>exprobrationem</span> <span class='ocrx_word' id='word_1_53' title='bbox 1040 1664 1181 1731; x_wconf 78' lang='lat' dir='ltr'>eorum?</span> <span class='ocrx_word' id='word_1_54' title='bbox 1205 1665 1403 1750; x_wconf 82' lang='lat' dir='ltr'>Respondit</span> <span class='ocrx_word' id='word_1_55' title='bbox 1418 1686 1487 1732; x_wconf 81' lang='lat' dir='ltr'>ser·</span> 
     </span>
     <span class='ocr_line' id='line_1_10' title="bbox 289 1769 1487 1854; baseline -0.003 -14"><span class='ocrx_word' id='word_1_56' title='bbox 289 1779 398 1840; x_wconf 81' lang='lat' dir='ltr'>vator:</span> <span class='ocrx_word' id='word_1_57' title='bbox 429 1773 488 1838; x_wconf 90' lang='lat' dir='ltr'>Illi</span> <span class='ocrx_word' id='word_1_58' title='bbox 506 1778 588 1838; x_wconf 87' lang='lat' dir='ltr'>suut</span> <span class='ocrx_word' id='word_1_59' title='bbox 603 1770 762 1854; x_wconf 87' lang='lat' dir='ltr'>Honoch‚</span> <span class='ocrx_word' id='word_1_60' title='bbox 784 1770 893 1854; x_wconf 82' lang='lat' dir='ltr'>Elias,</span> <span class='ocrx_word' id='word_1_61' title='bbox 915 1769 1035 1838; x_wconf 84' lang='lat' dir='ltr'>Sobila</span> <span class='ocrx_word' id='word_1_62' title='bbox 1052 1775 1087 1835; x_wconf 91' lang='lat' dir='ltr'>et</span> <span class='ocrx_word' id='word_1_63' title='bbox 1100 1769 1261 1835; x_wconf 81' lang='lat' dir='ltr'>Tabitha.</span> <span class='ocrx_word' id='word_1_64' title='bbox 1292 1770 1398 1836; x_wconf 87' lang='lat' dir='ltr'>Hunc</span> <span class='ocrx_word' id='word_1_65' title='bbox 1419 1792 1487 1838; x_wconf 88' lang='lat' dir='ltr'>ser-</span> 
     </span>
     <span class='ocr_line' id='line_1_11' title="bbox 289 1874 1490 1958; baseline -0.005 -12"><span class='ocrx_word' id='word_1_66' title='bbox 289 1900 424 1946; x_wconf 91' lang='lat' dir='ltr'>monem</span> <span class='ocrx_word' id='word_1_67' title='bbox 450 1899 526 1942; x_wconf 88' lang='lat' dir='ltr'>cum</span> <span class='ocrx_word' id='word_1_68' title='bbox 552 1877 744 1942; x_wconf 83' lang='lat' dir='ltr'>audivimus</span> <span class='ocrx_word' id='word_1_69' title='bbox 770 1898 790 1941; x_wconf 88' lang='lat' dir='ltr'>a</span> <span class='ocrx_word' id='word_1_70' title='bbox 814 1881 986 1941; x_wconf 84' lang='lat' dir='ltr'>servatore</span> <span class='ocrx_word' id='word_1_71' title='bbox 1012 1881 1148 1955; x_wconf 83' lang='lat' dir='ltr'>nostre,</span> <span class='ocrx_word' id='word_1_72' title='bbox 1180 1874 1288 1958; x_wconf 83' lang='lat' dir='ltr'>gavisi</span> <span class='ocrx_word' id='word_1_73' title='bbox 1310 1896 1427 1940; x_wconf 89' lang='lat' dir='ltr'>sumus</span> <span class='ocrx_word' id='word_1_74' title='bbox 1454 1880 1490 1940; x_wconf 86' lang='lat' dir='ltr'>et</span> 
     </span>
     <span class='ocr_line' id='line_1_12' title="bbox 291 1977 1489 2064; baseline -0.004 -15"><span class='ocrx_word' id='word_1_75' title='bbox 291 1982 533 2062; x_wconf 81' lang='lat' dir='ltr'>exultavimus,</span> <span class='ocrx_word' id='word_1_76' title='bbox 556 2000 760 2063; x_wconf 85' lang='lat' dir='ltr'>omnemque</span> <span class='ocrx_word' id='word_1_77' title='bbox 778 1978 923 2064; x_wconf 84' lang='lat' dir='ltr'>gloriam</span> <span class='ocrx_word' id='word_1_78' title='bbox 941 1985 976 2044; x_wconf 87' lang='lat' dir='ltr'>et</span> <span class='ocrx_word' id='word_1_79' title='bbox 991 1979 1181 2063; x_wconf 90' lang='lat' dir='ltr'>gratiarum</span> <span class='ocrx_word' id='word_1_80' title='bbox 1201 1979 1374 2044; x_wconf 81' lang='lat' dir='ltr'>actionem</span> <span class='ocrx_word' id='word_1_81' title='bbox 1391 1977 1489 2044; x_wconf 92' lang='lat' dir='ltr'>obtu-</span> 
     </span>
     <span class='ocr_line' id='line_1_13' title="bbox 291 2079 1490 2151; baseline -0.004 0"><span class='ocrx_word' id='word_1_82' title='bbox 291 2086 394 2151; x_wconf 90' lang='lat' dir='ltr'>limus</span> <span class='ocrx_word' id='word_1_83' title='bbox 415 2083 553 2150; x_wconf 90' lang='lat' dir='ltr'>domino</span> <span class='ocrx_word' id='word_1_84' title='bbox 576 2082 641 2148; x_wconf 88' lang='lat' dir='ltr'>deo</span> <span class='ocrx_word' id='word_1_85' title='bbox 664 2089 698 2148; x_wconf 85' lang='lat' dir='ltr'>ot</span> <span class='ocrx_word' id='word_1_86' title='bbox 720 2084 888 2148; x_wconf 88' lang='lat' dir='ltr'>servatori</span> <span class='ocrx_word' id='word_1_87' title='bbox 910 2087 1029 2148; x_wconf 91' lang='lat' dir='ltr'>nostro</span> <span class='ocrx_word' id='word_1_88' title='bbox 1050 2081 1133 2146; x_wconf 89' lang='lat' dir='ltr'>Iesu</span> <span class='ocrx_word' id='word_1_89' title='bbox 1157 2079 1307 2148; x_wconf 82' lang='lat' dir='ltr'>Christo.</span> <span class='ocrx_word' id='word_1_90' title='bbox 1345 2081 1415 2148; x_wconf 91' lang='lat' dir='ltr'>Hie</span> <span class='ocrx_word' id='word_1_91' title='bbox 1436 2086 1490 2148; x_wconf 90' lang='lat' dir='ltr'>est</span> 
     </span>
     <span class='ocr_line' id='line_1_14' title="bbox 292 2186 1487 2273; baseline -0.003 -18"><span class='ocrx_word' id='word_1_92' title='bbox 292 2190 348 2256; x_wconf 88' lang='lat' dir='ltr'>eui</span> <span class='ocrx_word' id='word_1_93' title='bbox 364 2189 510 2255; x_wconf 84' lang='lat' dir='ltr'>debetur</span> <span class='ocrx_word' id='word_1_94' title='bbox 526 2189 637 2273; x_wconf 87' lang='lat' dir='ltr'>gloria</span> <span class='ocrx_word' id='word_1_95' title='bbox 658 2188 768 2254; x_wconf 91' lang='lat' dir='ltr'>honos</span> <span class='ocrx_word' id='word_1_96' title='bbox 786 2188 939 2273; x_wconf 88' lang='lat' dir='ltr'>dignitas</span> <span class='ocrx_word' id='word_1_97' title='bbox 957 2187 1147 2253; x_wconf 90' lang='lat' dir='ltr'>dominium</span> <span class='ocrx_word' id='word_1_98' title='bbox 1169 2188 1328 2271; x_wconf 89' lang='lat' dir='ltr'>potentia</span> <span class='ocrx_word' id='word_1_99' title='bbox 1350 2186 1487 2270; x_wconf 78' lang='lat' dir='ltr'>atlans,</span> 
     </span>
     <span class='ocr_line' id='line_1_15' title="bbox 292 2291 1488 2379; baseline -0.003 -18"><span class='ocrx_word' id='word_1_100' title='bbox 292 2295 393 2361; x_wconf 85' lang='lat' dir='ltr'>simul</span> <span class='ocrx_word' id='word_1_101' title='bbox 410 2316 449 2361; x_wconf 88' lang='lat' dir='ltr'>ao</span> <span class='ocrx_word' id='word_1_102' title='bbox 464 2293 555 2379; x_wconf 86' lang='lat' dir='ltr'>patri</span> <span class='ocrx_word' id='word_1_103' title='bbox 573 2293 664 2359; x_wconf 88' lang='lat' dir='ltr'>bono</span> <span class='ocrx_word' id='word_1_104' title='bbox 677 2315 753 2358; x_wconf 88' lang='lat' dir='ltr'>cum</span> <span class='ocrx_word' id='word_1_105' title='bbox 771 2315 810 2359; x_wconf 91' lang='lat' dir='ltr'>eo</span> <span class='ocrx_word' id='word_1_106' title='bbox 829 2298 864 2358; x_wconf 86' lang='lat' dir='ltr'>et</span> <span class='ocrx_word' id='word_1_107' title='bbox 880 2293 1020 2377; x_wconf 88' lang='lat' dir='ltr'>spiritui</span> <span class='ocrx_word' id='word_1_108' title='bbox 1033 2296 1152 2358; x_wconf 87' lang='lat' dir='ltr'>sancto</span> <span class='ocrx_word' id='word_1_109' title='bbox 1163 2291 1350 2359; x_wconf 81' lang='lat' dir='ltr'>vivificanti</span> <span class='ocrx_word' id='word_1_110' title='bbox 1362 2291 1488 2359; x_wconf 86' lang='lat' dir='ltr'>dehine</span> 
     </span>
     <span class='ocr_line' id='line_1_16' title="bbox 292 2396 1228 2483; baseline -0.003 -18"><span class='ocrx_word' id='word_1_111' title='bbox 292 2405 328 2465; x_wconf 87' lang='lat' dir='ltr'>ot</span> <span class='ocrx_word' id='word_1_112' title='bbox 343 2400 434 2466; x_wconf 92' lang='lat' dir='ltr'>omni</span> <span class='ocrx_word' id='word_1_113' title='bbox 450 2404 605 2483; x_wconf 83' lang='lat' dir='ltr'>tempore</span> <span class='ocrx_word' id='word_1_114' title='bbox 623 2399 658 2463; x_wconf 87' lang='lat' dir='ltr'>iu</span> <span class='ocrx_word' id='word_1_115' title='bbox 676 2398 853 2464; x_wconf 77' lang='lat' dir='ltr'>saeculum</span> <span class='ocrx_word' id='word_1_116' title='bbox 872 2396 1101 2478; x_wconf 84' lang='lat' dir='ltr'>saeculorum,</span> <span class='ocrx_word' id='word_1_117' title='bbox 1118 2419 1228 2463; x_wconf 86' lang='lat' dir='ltr'>amon.</span> 
     </span>
    </p>
   </div>
   <div class='ocr_carea' id='block_1_5' title="bbox 0 0 1737 5640">
    <p class='ocr_par' dir='ltr' id='par_1_5' title="bbox 0 0 1737 5640">
     <span class='ocr_line' id='line_1_17' title="bbox 0 0 1737 5640; baseline 0 0"><span class='ocrx_word' id='word_1_118' title='bbox 0 0 1737 5640; x_wconf 95' lang='lat' dir='ltr'> </span> 
     </span>
    </p>
   </div>
  </div>
 </body>
</html>
