3458 5640
261 600 303 662 96
382 599 718 653 esnone-uaruicum
737 601 980 652 avaueanmu.
1008 600 1083 652 ΟΔΡ.
1103 602 1226 654 xxvul.
1248 601 1342 653 xxix.

264 749 395 815 dabant
411 755 446 814 et
461 748 726 815 admirabantur
742 770 836 828 eum;
852 748 915 815 alii
929 770 1009 815 vero
1025 750 1279 832 vituperabant.
1308 749 1356 813 Et
1371 749 1467 815 abie-

264 856 346 916 runt
367 851 507 935 quidam
528 852 573 917 ad
594 853 773 935 principes
796 850 1016 917 sacerdotum
1040 856 1075 915 et
1095 850 1139 917 ad
1160 853 1326 935 primates
1342 851 1467 918 Phari-

263 973 423 1019 saeorum
449 959 484 1018 et
508 952 806 1020 adnuntiaverunt
828 954 879 1018 eis
904 953 999 1036 quod
1023 951 1123 1020 Iesus
1149 954 1242 1019 filius
1267 951 1397 1037 Ioseph
1428 955 1465 1019 iu

264 1062 455 1140 conspectu
475 1058 584 1123 totius
605 1057 728 1143 populi
744 1056 857 1123 Israel
881 1057 983 1141 signa
1003 1077 1127 1143 magna
1142 1057 1287 1124 fecisset
1308 1063 1343 1123 et
1358 1057 1466 1124 virtu-

263 1165 328 1225 tes.
358 1158 406 1226 Et
420 1158 667 1226 adnuntiatum
684 1166 739 1227 est
753 1160 819 1227 hoc
834 1161 872 1226 in
888 1159 1073 1227 duodecim
1088 1160 1200 1228 tribus
1216 1160 1339 1227 Israel.

701 1379 823 1448 Garun
845 1381 1026 1448 XXVIII.

351 1532 425 1599 Iam
442 1535 568 1599 iterum
580 1535 673 1599 filius
683 1532 809 1600 Annae
822 1534 1014 1600 sacerdotis
1025 1534 1156 1619 templi,
1174 1537 1233 1620 qui
1246 1534 1464 1620 cumIoseph

264 1636 467 1718 advenerat,
489 1644 613 1703 tenens
630 1638 760 1722 virgam
776 1639 811 1702 in
828 1658 931 1704 manu
949 1640 1084 1704 cunctis
1101 1637 1300 1704 ridentibus
1318 1659 1396 1703 cum
1412 1638 1465 1703 fu·

264 1760 342 1805 rore
360 1740 467 1806 nimio
489 1741 639 1807 exclusit
654 1741 751 1807 lacus
769 1761 856 1826 quos
873 1740 974 1808 Iesus
990 1740 1151 1808 manibus
1169 1742 1241 1808 suis
1258 1741 1405 1825 fecerat,
1430 1748 1466 1809 et

265 1842 389 1910 effudit
414 1866 455 1911 er
480 1844 531 1911 eis
557 1866 665 1930 aquas
688 1865 774 1930 quas
797 1853 1068 1931 congregaverat
1090 1845 1132 1912 de
1158 1853 1312 1912 torrente
1338 1847 1374 1911 in
1400 1847 1464 1913 eis.

263 1946 297 2013 N
300 1969 354 2013 am
371 1955 407 2015 et
422 1950 536 2033 ipsum
552 1970 663 2034 aquae
680 1949 834 2032 ductum,
851 1971 914 2034 per
930 1971 1031 2035 quem
1048 1951 1204 2017 intrabat
1218 1971 1319 2035 aqua,
1337 1949 1467 2016 clausit

265 2060 301 2129 et
320 2058 445 2135 postea
466 2053 600 2118 evertit.
633 2050 790 2137 (tumque
812 2053 897 2118 haec
913 2053 1059 2120 vidisset
1074 2052 1190 2136 Iesus,
1213 2054 1302 2119 dixit
1322 2051 1366 2118 ad
1383 2073 1466 2136 pue·

265 2176 340 2221 rum
360 2155 459 2221 iilum
482 2157 542 2239 qui
564 2155 795 2240 dissipaverat
815 2156 913 2222 lacus
936 2177 1032 2223 suos:
1069 2155 1098 2224 O
1123 2177 1240 2223 semen
1264 2156 1465 2239 iniquitatis

264 2259 464 2342 pessimum,
488 2257 574 2323 ofili
590 2259 722 2342 mortis,
745 2259 881 2325 officina
897 2264 1051 2342 satanae,
1073 2280 1151 2326 vere
1174 2262 1242 2325 crit
1261 2259 1396 2323 fructus
1415 2277 1466 2323 se·

264 2363 367 2428 minis
384 2361 436 2427 tui
454 2363 529 2427 sine
546 2363 674 2446 vigore,
692 2368 727 2430 et
742 2363 877 2429 radices
895 2370 975 2430 tuae
993 2365 1067 2430 sine
1084 2363 1238 2447 humore,
1256 2367 1292 2429 et
1308 2363 1394 2427 rami
1411 2361 1465 2427 tui

263 2464 369 2546 aridi,
393 2485 462 2530 non
484 2464 639 2532 ferentes
660 2466 823 2533 fructum.
853 2467 900 2534 Et
922 2488 1000 2534 mox
1014 2467 1214 2534 videntibus
1232 2466 1368 2532 cunctis
1390 2484 1465 2530 are·

264 2568 378 2635 factus
396 2574 450 2633 cst
464 2589 552 2652 puer
569 2574 604 2634 et
619 2576 776 2636 mortuus
794 2576 856 2636 est.
1456 2584 1459 2589 '

721 2789 841 2856 Ourur
864 2791 1009 2856 XXIX.

351 2940 491 3006 Deinde
513 2943 656 3008 tremuit
674 2941 803 3027 Ioseph
826 2950 861 3009 et
881 2945 996 3010 tenuit
1014 2943 1148 3025 Iesum,
1170 2949 1205 3008 et
1226 2942 1300 3008 ibat
1322 2963 1399 3007 cum
1422 2961 1462 3007 eo

266 3043 311 3109 ad
328 3044 466 3109 domum
483 3065 590 3125 suam,
608 3050 644 3111 et
658 3053 767 3112 mater
784 3069 860 3113 oum
878 3068 929 3113 eo.
964 3047 1012 3112 Et
1028 3067 1108 3112 ecce
1126 3046 1242 3111 subito
1261 3065 1302 3109 ex
1318 3044 1463 3110 adverso

266 3169 354 3230 puer
370 3147 524 3232 quidam,
547 3149 672 3232 etipse
690 3152 871 3234 operarius
888 3151 1102 3235 iniquitatis,
1125 3168 1267 3214 currens
1288 3146 1411 3212 intulit
1427 3167 1464 3212 se

267 3271 373 3335 super
388 3252 567 3318 humerum
579 3251 671 3335 Iesu,
688 3253 808 3320 volens
826 3275 902 3320 eum
921 3254 1061 3320 eludere
1078 3258 1276 3320 autnocero
1294 3252 1323 3316 si
1335 3259 1465 3336 posset.

267 3354 369 3420 Dixit
392 3361 508 3422 autem
534 3356 566 3420 ei
587 3355 702 3423 Iesus:
733 3356 814 3424 Non
836 3360 1020 3425 revertaris
1043 3379 1148 3425 sanus
1171 3357 1214 3423 de
1236 3357 1291 3422 via
1315 3362 1376 3422 tua
1397 3377 1467 3440 qua

266 3458 374 3525 vedis.
411 3458 459 3523 Et
483 3461 599 3525 statim
621 3463 752 3526 corruit
777 3467 812 3527 et
832 3468 989 3528 mortuus
1016 3467 1078 3528 est.
1113 3461 1161 3527 Et
1186 3460 1467 3526 exclamaverunt

268 3563 580 3645 parentesmortui,
597 3562 928 3649 quividerantquod
944 3564 1148 3645 factumest,
1166 3563 1338 3629 dicentes:
1361 3561 1464 3627 Unde

268 3669 370 3730 natus
388 3670 441 3730 est
456 3664 513 3730 hio
529 3665 669 3733 inians?
692 3667 921 3735 Manifestum
932 3667 1089 3753 estquod
1106 3687 1205 3733 omne
1216 3666 1357 3732 verbum
1370 3666 1464 3750 quod

268 3876 379 3939 Mapaur
392 3892 459 3939 puer
477 3881 514 3926 ert
531 3879 593 3937 iste,
611 3884 637 3928 et
653 3896 745 3943 mapna
763 3882 844 3930 uirtus
862 3885 898 3930 ert
912 3881 938 3928 ἐπ
955 3895 991 3928 co.
1016 3880 1188 3929 arabimus
1205 3878 1411 3943 quidamladaes'
1429 3877 1464 3926 ad

264 3964 395 4027 principer
406 3964 565 4014 sacerdotum
577 3961 632 4031 [ct]
646 3968 842 4017 Pharisaeorum
853 3971 879 4017 et
890 3967 1070 4016 nuntiaverunt
1080 3968 1117 4016 eir
1129 3967 1194 4031 quod
1207 3963 1361 4030 Iesarflliar
1372 3964 1465 4027 Ioseph

269 4048 373 4097 sabbato
384 4050 411 4098 ia
424 4055 556 4113 conepcotv
566 4052 657 4116 populi
668 4054 742 4116 ripae
753 4070 846 4117 mapsa
858 4057 883 4103 ct
894 4055 1012 4103 ov'rtatem
1016 4052 1093 4115 fecit.
1123 4051 1463 4116 Dicalpotumcrtbocoer·
1534 4064 1536 4068 ·

268 4133 323 4180 bom
335 4134 463 4183 duodecies
476 4136 558 4185 tribas
569 4137 662 4186 Israel.

339 4217 463 4268 xxv111.
482 4219 627 4271 Consentit
639 4236 658 4272 1>
671 4224 763 4287 prucis
773 4227 908 4287 exceptis:
932 4225 988 4273 Iam
999 4225 1090 4272 iterum
1102 4248 1111 4258 ·
1124 4221 1220 4271 maoth
1231 4222 1262 4270 de
1270 4221 1368 4285 popolo
1379 4220 1464 4269 vides·

268 4302 334 4351 tibur
345 4304 472 4368 inseror-c
483 4306 560 4370 aimr'o
571 4322 657 4356 vorm
670 4332 678 4343 ·
691 4307 752 4357 illos
764 4309 934 4372 praefecerat
943 4309 993 4357 Ias.
1006 4313 1031 4357 et
1044 4333 1052 4344 ·
1066 4323 1157 4371 aqum»
1166 4323 1239 4371 qaam
1252 4331 1261 4342 ·
1274 4307 1301 4354 r'n
1313 4307 1349 4354 eis
1357 4305 1389 4353 de
1398 4309 1463 4353 terr.

268 4387 335 4436 Nam
347 4392 372 4436 et
385 4413 393 4423 ·
406 4390 613 4440 vaccaricam.
626 4391 694 4441 dixit
705 4394 740 4441 ad
751 4409 819 4442 eum:
841 4393 952 4442 Oremcu
966 4418 975 4429 ·
988 4408 1002 4442 o
1015 4408 1078 4456 opus
1089 4392 1212 4440 cottanae
1224 4416 1233 4427 ·
1245 4407 1295 4440 aaa
1307 4392 1444 4457 afferentes
1456 4414 1464 4423 ·

267 4473 307 4521 Et
317 4474 436 4523 videatr'b.
450 4478 546 4525 canetis
558 4501 567 4512 ·
579 4481 604 4526 ct
615 4481 735 4526 mortuus.
761 4475 883 4528 Ceterum
897 4478 959 4526 huic
974 4478 1056 4542 capiti
1070 4477 1232 4527 simillimum
1246 4475 1338 4526 XXVI.

336 4560 374 4636 bix
388 4573 403 4607 a
417 4561 469 4610 buc
481 4562 574 4612 confer
587 4576 654 4627 quac
667 4579 747 4627 supra
759 4563 793 4614 ad
805 4563 898 4621 xxvi,
913 4566 935 4612 1.
949 4563 1147 4628 adscripsimus.

337 4663 429 4712 XXIX.
448 4665 564 4715 eludere:
577 4666 660 4716 codex
673 4681 690 4716 Δ
703 4667 806 4726 elidere,
819 4668 866 4717 sed
876 4679 894 4717 n
906 4666 1046 4718 confirmat
1057 4666 1167 4718 eludare.
1182 4665 1186 4733 Ι
1205 4665 1276 4716 Uada
1287 4671 1363 4715 natur
1375 4672 1413 4716 est
1424 4667 1466 4715 bie

266 4749 367 4814 irp'anr:
384 4751 416 4800 ab
433 4751 475 4801 his
493 4751 556 4802 indo
569 4752 834 4803 verbis'conierondc
847 4758 911 4804 sunt
924 4767 991 4817 quae
1008 4768 1039 4803 ex
1053 4753 1145 4804 codice
1162 4765 1179 4802 a
1197 4752 1245 4803 sub
1259 4751 1358 4809 XXVI,
1378 4753 1401 4801 2.
1422 4767 1464 4802 ex·
