3458 5640
709 607 821 657 unsre
839 607 967 658 murm.
993 608 1050 659 xv,
1416 608 1476 671 381

281 755 435 840 populum
467 754 529 821 dei.
582 755 731 840 Ideoque
762 761 898 822 vocatus
930 777 978 838 es,
1010 762 1044 823 et
1073 778 1160 823 nunc
1191 757 1352 824 annuntia
1383 758 1478 823 nobis

281 861 367 945 quod
391 858 598 925 estfactum.

366 972 486 1038 ⁵Tunc
512 971 623 1055 inquit
646 969 780 1054 Ioseph:
811 970 854 1036 In
877 970 930 1037 die
956 993 1134 1055 parasceve
1162 973 1251 1039 eirca
1279 972 1395 1039 horam
1423 972 1477 1038 dc-

279 1079 395 1145 cimam
422 1076 604 1143 inclusistis
632 1097 699 1156 me,
728 1082 761 1142 et
790 1077 897 1143 mansi
924 1077 970 1142 ibi
999 1082 1104 1144 totum
1132 1077 1306 1144 sabbatum
1333 1078 1476 1162 plenum.

277 1182 448 1265 Factaque
477 1181 585 1246 media
612 1186 724 1261 nocte,
756 1185 867 1246 stante
894 1203 946 1246 me
974 1187 1009 1247 ct
1039 1187 1167 1263 orante,
1199 1181 1314 1248 domus
1341 1181 1399 1247 ubi
1426 1181 1475 1244 in-

277 1287 420 1348 clusistis
452 1307 503 1348 mo
532 1306 692 1366 suspensa
725 1292 776 1348 est
807 1307 828 1349 a
856 1290 1015 1367 quattuor
1042 1286 1186 1368 angulis,
1217 1285 1392 1368 factusque
1424 1291 1476 1349 eat

276 1410 430 1453 coruscus
461 1389 595 1452 luminis
625 1389 660 1452 in
692 1389 796 1453 oculis
823 1390 914 1454 meis.
963 1388 1011 1453 Et
1041 1389 1274 1455 tremebundus
1305 1387 1408 1454 cecidi
1439 1389 1473 1452 in

274 1497 406 1557 terram.
451 1491 544 1557 Tunc
573 1491 707 1575 quidam
737 1492 879 1557 eleuarit
906 1513 957 1555 me
985 1514 1006 1556 a
1033 1493 1105 1558 loeo
1133 1491 1189 1556 ubi
1214 1491 1411 1573 cecideram,
1441 1499 1474 1557 et

273 1594 477 1687 plenitudine
507 1617 614 1679 aquae
644 1594 790 1678 perfudit
813 1616 864 1659 me
887 1618 907 1661 a
930 1595 1039 1679 capite
1061 1616 1166 1680 usque
1190 1593 1232 1660 ad
1254 1593 1368 1678 pedes,
1397 1593 1473 1660 odo-

273 1720 408 1783 remque
437 1700 596 1784 unguenti
626 1699 755 1765 mirifici
784 1699 873 1764 circa
899 1721 997 1765 nares
1023 1721 1115 1765 meas
1138 1698 1262 1783 posuit,
1291 1704 1326 1765 et
1352 1697 1471 1765 coniri-

274 1803 343 1867 cuit
365 1802 484 1869 faciem
506 1825 612 1869 meam
635 1804 709 1887 ipsa
731 1824 821 1887 aqua
838 1802 934 1887 quasi
952 1803 1068 1869 lavans
1089 1824 1152 1884 me,
1174 1808 1208 1868 et
1229 1802 1398 1869 osculatus
1421 1807 1472 1868 est

273 1929 325 1972 me
348 1914 382 1973 et
404 1907 488 1972 dixit
510 1908 604 1973 mihi:
636 1908 773 1991 Ioseph,
801 1908 869 1973 noli
896 1908 1028 1988 timore,
1057 1907 1114 1973 sed
1142 1908 1234 1992 aperi
1261 1907 1375 1973 oculos
1397 1912 1472 1972 tuos

274 2015 308 2074 et
321 2008 394 2074 vide
411 2010 485 2092 quis
508 2011 630 2093 estqui
654 2011 801 2093 loquitur
823 2010 894 2075 tibi.
938 2009 1120 2076 Intendens
1139 2016 1250 2075 autem
1268 2008 1334 2074 vidi
1350 2007 1472 2090 Iesum,

273 2119 307 2178 et
337 2113 551 2178 tremefactus
583 2113 742 2197 putabam
774 2115 942 2179 fantasma
973 2136 1053 2179 esse.
1104 2114 1265 2181 Oratione
1296 2119 1407 2178 autem
1438 2118 1473 2177 et

273 2216 457 2298 praeceptis
486 2216 646 2300 loquebar
669 2218 712 2281 ei:
742 2218 812 2300 ipse
836 2239 911 2281 vero
935 2238 1063 2282 mecum
1085 2215 1224 2281 dicebat
1268 2215 1316 2280 Et
1338 2214 1406 2279 dixi
1429 2214 1471 2279 ad

273 2341 360 2384 eum:
381 2320 499 2402 Rabbi,
514 2321 609 2386 Elias
625 2343 660 2385 es
676 2322 735 2387 tu?
760 2322 807 2387 ut
822 2321 906 2386 dixit
919 2320 1014 2386 mihi:
1032 2318 1108 2386 Non
1125 2341 1197 2385 sum
1213 2340 1273 2403 ego
1288 2318 1393 2384 Elias.
1423 2319 1453 2383 Ε

270 2579 320 2611 soe
338 2566 437 2612 invento
450 2564 599 2613 contristati
610 2563 714 2627 mnus.)
734 2580 791 2614 oum
806 2577 858 2616 sen
872 2599 879 2614 .
894 2598 902 2612 .
915 2551 977 2614 „ube
989 2562 1051 2613 odpl
1064 2564 1124 2627 quio
1135 2563 1281 2612 conuscat
1293 2561 1366 2625 (edl’r
1380 2563 1466 2612 Ooute.

269 2649 345 2712 enim)
363 2665 446 2699 sumus
463 2652 529 2714 quod
552 2653 668 2714 sepelisti
691 2667 782 2716 σοφαί
799 2652 894 2702 domm
915 2651 987 2714 (edpr
1005 2650 1059 2713 om)
1077 2655 1144 2701 Iesu.
1163 2649 1237 2714 (de
1254 2651 1306 2701 edd
1325 2651 1360 2716 el)
1383 2651 1466 2701 Iselu·

269 2735 356 2782 deetes
375 2738 399 2781 le
416 2735 442 2783 ie
461 2735 572 2785 eubiculo
590 2752 640 2784 non
656 2736 795 2786 invenimus
812 2738 852 2786 te.-
878 2740 904 2786 et
921 2734 1045 2784 adamati
1061 2750 1144 2784 sumus
1160 2735 1248 2794 simu,
1273 2738 1299 2784 et
1319 2750 1400 2798 pavos·
1420 2751 1467 2784 eos

269 2821 455 2882 eosepeelsndil
472 2822 546 2885 (odtr
560 2838 608 2888 pro
628 2823 671 2872 his
689 2823 890 2886 expavescentes)
907 2823 1060 2888 usquedum
1077 2820 1151 2884 (Βᾱῐπ
1167 2820 1256 2885 donee)
1275 2825 1300 2870 te
1316 2822 1467 2885 suscepimus

266 2914 433 2973 praesentem.
450 2910 454 2972 Ι
470 2911 579 2975 Ideoque
597 2940 606 2951 -
625 2911 690 2976 qued
708 2912 859 2975 estfactum
877 2911 906 2973 (A
923 2912 1077 2977 quaefacta
1094 2908 1162 2973 suet)
1181 2925 1240 2959 eum
1253 2923 1296 2968 sn,
1316 2911 1409 2963 itemo
1424 2927 1466 2960 eo·

267 3011 358 3058 pomus
375 3013 435 3061 erpo
452 3001 481 3044 ut
503 2998 636 3046 uenustiee
658 2997 730 3046 eolis
747 2998 812 3061 quod
827 2998 930 3061 sartum
952 3001 990 3046 est
1013 3031 1020 3046 .
1040 3032 1049 3048 .
1073 2986 1136 3049 Βῃιω
1154 2996 1214 3048 edl’r
1234 2998 1323 3046 θονιιηι
1340 2998 1387 3047 deo
1404 3013 1465 3062 erqo

268 3085 407 3149 manifesto
424 3084 496 3133 eolis
514 3085 578 3148 quod
596 3081 670 3147 (odpr
688 3085 748 3149 quid
765 3084 797 3134 de
815 3082 850 3146 te)
860 3085 963 3149 saelum
980 3087 1027 3135 est.

338 3178 363 3228 5.
397 3179 465 3228 lune
483 3181 535 3244 ieq.
549 3179 602 3229 Ios.
617 3178 644 3241 (c
658 3180 763 3244 Cumque
775 3184 828 3229 Ios.
841 3179 951 3229 soraee
967 3194 1042 3243 super
1060 3179 1137 3246 lsqem
1148 3181 1198 3239 clei,
1217 3181 1335 3245 operiens
1351 3196 1380 3230 oe
1396 3195 1465 3231 suum

269 3264 347 3326 elisit)
366 3261 397 3311 Iu
415 3263 442 3327 (c
463 3265 513 3313 Vos
530 3265 602 3313 scitis
620 3265 680 3328 quia
698 3265 734 3327 ie)
753 3266 794 3313 rtis
813 3263 839 3326 (c
857 3263 911 3327 orn)
925 3280 1031 3326 peroso.
1049 3257 1120 3314 ὀἰνοιι
1138 3264 1166 3328 (Λ
1184 3267 1238 3327 om)
1257 3268 1347 3315 loram
1364 3267 1417 3316 dee.
1436 3267 1465 3324 (Α

268 3351 332 3399 lora
350 3351 457 3412 ἀιυὶΒα)
480 3350 541 3400 incl.
561 3367 599 3399 sue
622 3350 650 3412 (c
668 3351 720 3400 add
745 3354 771 3400 ie
789 3353 942 3424 eoeqeeem),
964 3354 989 3399 et
1007 3381 1016 3391 -
1032 3352 1133 3414 plenem
1150 3382 1160 3392 -
1178 3356 1262 3401 noete
1278 3368 1316 3400 me
1334 3356 1359 3400 et
1375 3358 1466 3402 ornate

269 3436 296 3495 (c
314 3440 347 3485 sl.
359 3453 392 3484 m.
406 3437 432 3483 le
450 3438 580 3492 oratiam,-
599 3438 708 3488 nstotus'
725 3454 762 3486 me
780 3442 805 3486 et
822 3440 896 3487 orani
906 3436 1042 3500 demissum)
1059 3438 1125 3487 dese
1145 3436 1174 3500 (Δ
1191 3439 1233 3487 elo.
1246 3442 1336 3496 autern,
1356 3439 1464 3488 esulilo

267 3520 323 3583 do.)
342 3521 368 3568 ie
387 3536 426 3584 qu.
446 3521 506 3570 incl.
524 3539 562 3570 ene
585 3520 612 3582 (a
630 3522 673 3570 uli
691 3522 803 3571 inclusus
819 3522 883 3584 sum)
903 3552 912 3562 -
930 3523 1032 3586 aepulis
1049 3521 1076 3585 (c
1094 3522 1147 3572 edd
1165 3523 1219 3572 suis
1236 3527 1303 3572 ieter
1327 3525 1423 3572 terram
1441 3528 1467 3571 et

267 3605 372 3666 eoelum)
391 3621 449 3654 cum
464 3618 515 3657 auc
536 3643 543 3655 .
559 3643 565 3655 .
586 3595 897 3670 n⁸l⁰edv¹12npondee
914 3611 997 3656 eutem
1009 3608 1101 3670 Ioseph
1118 3608 1187 3656 deicit
1208 3606 1465 3670 Quaedo(1>⁸Beee)

266 3692 409 3741 reclusistis
421 3694 465 3752 (Βο
477 3693 551 3757 iorl.)
570 3711 607 3743 me
626 3695 651 3743 ie
671 3695 868 3758 disparascere
885 3694 959 3754 (odpr
971 3694 1033 3756 ω)
1052 3696 1086 3744 od
1103 3710 1241 3758 coeptorum,
1260 3696 1318 3743 (lum
1330 3695 1388 3758 (1)lo
1400 3697 1465 3759 mes)

265 3780 359 3825 starem
377 3779 404 3825 in
422 3779 539 3827 oratione
557 3779 599 3828 die
616 3779 717 3827 collati
737 3767 780 3837 (Db
792 3783 842 3834 -to;
861 3778 923 3827 edpr
935 3794 976 3827 om
989 3780 1025 3827 di.
1039 3778 1121 3841 soll.)
1140 3780 1224 3829 suedie
1241 3778 1398 3842 „neapol”
1410 3781 1464 3830 edd

265 3863 390 3925 sequenti)
408 3848 585 3924 euspesea'est
602 3865 690 3911 domus
709 3880 725 3910 o
738 3867 846 3926 quatuor
863 3863 965 3926 capulis
976 3863 1021 3924 (1³⁸
1034 3864 1139 3928 capelle.
1159 3865 1223 3914 item
1236 3864 1298 3928 D0l)
1315 3863 1319 3928 Ι
1326 3866 1465 3931 sectusque

263 3949 301 3994 eet
319 3962 373 3994 cos.
388 3946 416 4006 (Β
427 3947 554 4009 sectoque
572 3946 687 4007 consero)
707 3947 793 3995 lumin.
814 3947 860 4004 (ΛΒ
879 3946 933 4009 om)
951 3949 978 3995 in
996 3965 1034 3996 oc.
1048 3964 1094 3996 me.
1111 3964 1168 3997 cum
1183 3960 1234 3999 cun
1249 3982 1256 3996 .
1271 3983 1278 3997 .
1292 3938 1354 3998 D⁸b⁰
1367 3949 1428 3998 edpr
1441 3954 1466 3999 el

262 4030 316 4077 cidi
335 4032 416 4077 lesum
435 4029 500 4076 sicut
509 4029 642 4093 fulgorem
661 4030 725 4077 lueis
739 4029 744 4092 l
760 4033 785 4076 et
805 4030 834 4092 (Β
847 4037 900 4092 om)
913 4031 1015 4080 tremel.
1034 4032 1061 4092 (c
1075 4031 1128 4079 add
1137 4033 1231 4096 saetm
1244 4047 1313 4094 prae
1330 4036 1429 4090 timore,
1447 4046 1465 4083 Β

259 4115 368 4179 pecore)
388 4132 439 4164 cec.
453 4116 480 4162 io
493 4114 519 4174 (Λ
534 4115 620 4176 super)
633 4119 697 4164 terr.
713 4133 770 4164 cum
785 4130 836 4167 ΑΒΒ
850 4153 856 4165 .
870 4151 877 4164 .
892 4118 989 4179 reliqui
1002 4122 1028 4165 el
1040 4133 1108 4180 prus
1125 4122 1216 4167 timore
1233 4136 1284 4167 uec.
1298 4120 1324 4167 iss
1337 4119 1462 4181 (eumad)

262 4203 324 4246 lere.
349 4197 354 4258 l
381 4197 449 4245 tune
467 4198 569 4261 quidam
587 4198 649 4246 eleo.
667 4198 694 4261 (c
713 4199 788 4248 Eleo.
803 4215 840 4247 me
859 4200 912 4263 qu.)
931 4216 969 4248 me
986 4216 1004 4248 a
1022 4201 1057 4249 lo.
1071 4201 1113 4248 uli
1132 4217 1181 4249 ese.
1201 4201 1230 4261 (Β
1249 4217 1290 4250 orn
1309 4219 1324 4249 a
1343 4202 1369 4251 lo
1386 4217 1409 4248 u.
1429 4202 1466 4265 e.)

261 4314 272 4324 ·
289 4286 438 4346 odoremque
457 4281 484 4344 (c
502 4287 527 4332 el
544 4283 620 4345 odor)
639 4301 696 4347 unq.
715 4285 796 4351 miss's.
817 4285 845 4345 (Β
864 4285 916 4347 om)
936 4287 1009 4334 cirea
1028 4317 1037 4326 -
1056 4289 1193 4350 consrieuit
1212 4287 1241 4347 (Β
1259 4288 1433 4352 confirmavit,
1452 4302 1468 4339 c

262 4372 432 4434 eossspimos't,
458 4371 505 4420 sed
525 4372 547 4420 is
566 4388 581 4421 s
598 4372 702 4437 misisset
726 4373 819 4422 stetim
839 4373 872 4421 ed
894 4374 1007 4437 colapis.
1027 4373 1159 4437 transilit)
1179 4405 1189 4414 -
1208 4377 1264 4436 ipse
1283 4374 1309 4436 (c
1328 4391 1379 4424 mim
1399 4376 1467 4439 ipse)

262 4472 328 4522 aque
347 4488 356 4497 ·
375 4459 400 4503 et
418 4456 486 4506 dixit
504 4459 565 4505 cirili
584 4459 628 4518 (oc
646 4458 745 4523 dicens)
763 4489 773 4498 -
792 4460 849 4523 quis
867 4458 895 4521 (Β
909 4461 961 4524 qus)
979 4464 1017 4510 eet
1037 4463 1079 4525 qui
1097 4460 1166 4525 loqu.
1180 4461 1236 4510 tili.
1275 4463 1410 4511 Ieteseleee
1424 4478 1466 4511 ou·

261 4549 310 4594 telo
329 4543 357 4607 (A
375 4547 474 4595 intendi
491 4550 530 4603 et,·
556 4548 707 4612 reperiens
725 4551 809 4596 erilem
827 4548 914 4599 oeulos
931 4565 998 4599 meos
1016 4549 1133 4599 intellexi
1150 4551 1185 4612 et)
1205 4581 1215 4590 -
1236 4551 1358 4613 putatam
1377 4549 1405 4612 (Β
1419 4567 1467 4614 pu·

263 4632 332 4696 tons)
352 4661 361 4670 -
379 4632 495 4681 oratione
514 4635 596 4682 cutem
614 4632 642 4694 (Β
660 4633 714 4695 om)
733 4638 759 4683 et
772 4635 920 4698 praeceptis
937 4634 964 4698 (c
980 4634 1096 4700 praeces)
1110 4635 1161 4700 loq.
1175 4639 1200 4686 si
1217 4636 1244 4698 (Λ
1262 4636 1331 4685 mele
1345 4651 1386 4685 om
1405 4652 1462 4686 oea·

263 4719 331 4767 tione
354 4735 413 4783 usq.
433 4718 482 4782 es).-
510 4719 563 4784 ipse
585 4735 644 4769 vero
667 4736 727 4770 suec.
747 4721 798 4771 clio.
818 4721 847 4785 (n
865 4721 1014 4787 loquelatur
1034 4721 1135 4786 milei)-
1158 4723 1192 4772 od
1213 4738 1268 4772 eum
1288 4721 1316 4785 (Β
1333 4724 1465 4788 praeterit
