3458 5640
284 591 372 639 xxm
751 573 1021 626 enouesousss.

286 733 347 805 feci
367 730 406 791 55
429 731 562 813 infantia
584 751 651 790 mea
673 738 740 791 ut·
763 732 794 790 in
816 751 877 813 qua
899 749 945 790 me
966 728 1081 809 corfido
1104 729 1163 810 ipsi
1181 727 1239 789 soli
1258 731 1355 790 uiuere
1376 737 1404 791 et
1425 732 1484 812 ipsi

284 841 342 903 soli
361 844 487 903 seruire:
509 844 588 903 etin
611 845 675 924 ipso
698 841 842 924 quamdiu
863 842 964 902 omero
986 843 1049 902 sine
1065 839 1230 922 pollutione
1245 842 1436 923 permanebo.

370 950 412 1015 In
441 949 564 1016 edendo
592 955 703 1015 eutem
731 951 779 1014 ita
806 950 926 1015 versati
959 970 1071 1014 sumus
1101 954 1139 1013 ut
1168 955 1294 1015 textum
1322 949 1480 1017 Vaticani

286 1060 421 1145 codicis,
451 1083 547 1145 quem
569 1083 593 1127 A
620 1061 776 1142 diximus,
806 1060 1000 1145 plerumque
1028 1081 1254 1145 sequeremur,
1284 1061 1481 1127 lectionibus

286 1172 409 1240 codicis
439 1173 657 1240 Laureniieni
693 1173 713 1238 i.
741 1193 766 1239 e.
798 1193 833 1256 Β,
864 1174 943 1238 item
973 1172 1172 1239 Purisiensis
1204 1195 1290 1239 num.
1313 1175 1406 1239 5559.
1438 1173 1480 1238 A.

288 1284 459 1366 (Coielerii
497 1291 644 1369 tempore
680 1306 767 1349 num.
789 1286 897 1367 2276.)
936 1285 1060 1350 saeculi
1092 1283 1190 1352 XIV.
1223 1284 1325 1368 (opud
1357 1307 1417 1350 nos
1447 1292 1479 1368 5)

238 1429 243 1436 ·
286 1401 320 1460 et
350 1395 488 1460 ulterius
510 1396 708 1460 Porisiensis
740 1417 827 1459 num.
853 1397 943 1459 1652.
974 1394 1096 1460 saeculi
1118 1394 1197 1462 XV.
1230 1394 1332 1477 (apud
1359 1416 1420 1461 nos
1442 1402 1479 1475 5)

286 1505 320 1570 in
343 1507 581 1570 commentario
606 1505 769 1571 exhibitis.
813 1504 1016 1571 Posterioris
1038 1508 1125 1570 enim
1146 1505 1267 1570 codicis
1282 1505 1481 1571 Perisiensis

285 1617 446 1683 lectiones
468 1617 565 1682 Thilo
587 1618 710 1702 passim
732 1617 774 1683 ed
802 1639 896 1682 suum
924 1623 1051 1682 textum
1080 1617 1266 1699 adnotavit3
1297 1622 1482 1700 praeterea·

287 1749 350 1812 que
379 1727 530 1801 exhibuit
555 1729 785 1812 inscriptiones
812 1729 1018 1812 singulorum
1042 1750 1125 1812 quoe
1153 1731 1187 1794 in
1210 1750 1247 1793 eo
1272 1728 1383 1793 codice
1405 1736 1483 1793 sunt

288 1841 434 1923 capitum
456 1841 545 1906 hunc
567 1841 601 1905 in
622 1840 767 1906 modum:

315 1930 319 1938 ⁴
373 1953 399 2017 I.
430 1955 482 2017 De
498 1964 589 2040 patre
610 1964 639 2017 et
659 1964 756 2017 matre
776 1965 898 2017 sauctae
912 1952 1036 2046 Mariae
1052 1956 1186 2038 uirpinis.
1233 1953 1277 2017 II.
1298 1955 1349 2017 De
1367 1974 1481 2016 recesst

287 2065 424 2129 Ioachim
438 2067 477 2130 55
492 2066 594 2130 Anna.
641 2065 702 2131 III.
724 2066 775 2128 De
796 2087 931 2150 repressa
954 2064 1088 2128 Ioachim
1110 2067 1154 2128 ad
1167 2067 1301 2129 Annam.
1347 2064 1406 2128 IV.
1432 2066 1482 2128 De

287 2187 355 2241 ortu
372 2179 476 2242 beatae
491 2179 623 2242 Mariae.
667 2178 700 2242 V.
724 2179 775 2241 De
788 2182 962 2263 pratiarum
982 2181 1097 2241 actione
1110 2179 1229 2242 Annae.
1271 2177 1322 2242 VI.
1339 2180 1390 2242 De
1404 2200 1482 2240 com·

287 2291 474 2354 mandatione
493 2291 597 2354 beatae
611 2290 743 2355 Mariae.
797 2290 866 2355 VII.
889 2292 940 2354 De
953 2302 1019 2354 uoto
1033 2293 1215 2377 virqinitatis
1230 2291 1334 2354 beatae
1347 2289 1481 2353 Mariae.

295 2402 384 2469 VIII.
410 2402 516 2482 Quare
530 2404 617 2468 beato
632 2403 741 2468 Maria
757 2407 914 2468 commissa
923 2405 995 2490 suit
1008 2402 1122 2490 Ioseph.
1168 2403 1229 2468 IX.
1251 2403 1302 2468 De
1320 2405 1482 2467 astruentia-

287 2519 365 2580 tione
387 2494 545 2580 dominica.
592 2517 635 2582 X.
663 2517 715 2581 De
737 2521 882 2581 moestitia
904 2517 1010 2603 Ioseph
1031 2539 1092 2601 pro
1113 2518 1201 2581 beata
1222 2514 1330 2580 Mario
1349 2516 1481 2601 praeuio

287 2632 415 2694 iuuenta.
461 2630 522 2693 XI.
547 2631 597 2693 De
614 2630 813 2694 consolatione
831 2628 936 2715 Ioseph
947 2632 1043 2714 sacta
1059 2653 1118 2716 per
1139 2631 1288 2715 anpelum.
1333 2627 1412 2692 XII.
1432 2629 1483 2691 De

288 2742 440 2823 calumnia
465 2742 645 2805 Iudaeorum
672 2746 703 2804 in
726 2741 832 2824 Ioseplc
860 2751 889 2804 et
913 2742 1008 2808 beata¹
1025 2745 1141 2826 virqine
1158 2745 1263 2824 facta.
1308 2739 1404 2803 XIII.
1432 2741 1483 2802 De

288 2861 419 2936 tempore
439 2862 523 2914 ortus
548 2850 663 2914 curisti
687 2862 716 2913 et
736 2852 852 2914 duabus
874 2851 1075 2914 obstetricibus
1097 2862 1126 2914 et
1144 2852 1319 2935 pastoribus
1341 2860 1369 2912 et
1387 2851 1482 2912 stella.

289 2960 386 3025 XIV.
407 2962 459 3024 De
473 2983 591 3046 epressu
606 2961 709 3024 heatae
722 2959 847 3023 Mariae
860 2985 880 3022 a
895 2962 1036 3045 spelunca
1052 2968 1083 3024 in
1092 2959 1305 3045 praesepioff).
1340 2960 1416 3024 XV.
1434 2961 1484 3023 De

289 3075 512 3136 circumcisione
533 3073 648 3134 domini
668 3081 697 3134 et
716 3073 845 3135 adventu
867 3095 1024 3157 maporum
1048 3077 1080 3135 in
1098 3072 1269 3136 Ierusalem.
1316 3071 1410 3135 XVI.
1433 3072 1484 3134 De

295 3183 452 3268 Ypapanti
480 3184 601 3245 domini.
656 3182 768 3246 XVII.
798 3184 848 3246 De
874 3207 943 3246 nece
967 3206 1133 3268 puerorum
1160 3193 1188 3246 et
1206 3186 1293 3268 supa
1320 3183 1425 3267 Ioseph
1453 3185 1484 3244 in

290 3296 470 3381 Aeqyptum.
517 3293 647 3360 XVIII.
671 3293 827 3373 Quomodo
846 3294 928 3358 Iesus
950 3297 1065 3359 sedavit
1085 3298 1239 3360 dracones.
1284 3295 1380 3358 XIX.
1402 3294 1483 3372 Quo-

289 3408 377 3470 modo
400 3406 495 3469 leones
517 3418 544 3470 et
565 3409 662 3492 pardi
682 3408 780 3471 Iesum
802 3417 873 3471 sunt
891 3412 990 3471 secuti.
1036 3408 1113 3471 XX.
1142 3410 1194 3472 De
1209 3408 1317 3494 palmo
1340 3408 1484 3470 inclinatu

285 3539 344 3601 per
375 3516 473 3580 Iesum
504 3541 616 3605 aquam
648 3521 838 3605 producente.
894 3519 990 3583 XXI.
1023 3521 1073 3583 De
1103 3521 1298 3583 benedictione
1329 3520 1430 3604 palmi
1458 3529 1487 3580 et

288 3631 372 3691 rami
397 3632 459 3691 eius
485 3630 688 3693 translatione.
740 3629 855 3693 XXII.
886 3631 936 3693 De
963 3633 1065 3693 itinere
1090 3653 1147 3715 per
1175 3629 1272 3693 Iesum
1303 3631 1482 3693 abbreviato.

290 3739 422 3804 XXIII.
465 3740 620 3819 Quomodo
652 3746 784 3828 inpresso
816 3742 884 3806 Iesu
917 3746 947 3806 in
977 3744 1148 3830 Aepyptum
1180 3743 1260 3807 idola
1297 3755 1483 3807 corruerunt.

289 3851 420 3918 XXIV.
443 3855 494 3917 De
515 3855 627 3918 lconore
648 3854 717 3919 Iesu
739 3856 864 3919 exhibito
881 3879 939 3940 per
957 3857 1156 3940 Afrodisium.
1201 3856 1312 3920 XXV.
1337 3857 1386 3918 De
1401 3859 1485 3941 pisce

289 3967 378 4028 arido
403 3968 482 4028 uitae
503 3969 644 4031 rectitudo.
689 3952 818 4031 XXVI
850 3968 901 4030 De
927 3970 991 4031 risu
1020 3966 1087 4030 Iesu
1113 3979 1239 4052 propter·
1263 3991 1403 4052 passeres
1428 3970 1486 4032 sibi

290 4079 413 4141 Invicem
441 4078 622 4140 insidiantes.
676 4077 823 4141 XXVII.
853 4079 905 4141 De
931 4100 1048 4162 epressu
1070 4078 1138 4141 Iesu
1166 4090 1194 4141 et
1214 4079 1338 4141 Mariae
1363 4082 1398 4141 de
1419 4081 1483 4145 Ae·

287 4197 390 4272 pypto.
434 4186 601 4250 XXVIII.
628 4188 685 4250 De'
701 4210 783 4272 aqua
805 4188 937 4273 pluviali
957 4190 1125 4270 clarificato
1147 4200 1175 4252 et
1195 4190 1293 4253 decem
1309 4192 1485 4272 passeribus

290 4298 327 4359 de
348 4285 408 4359 luto
420 4299 522 4380 sactis
544 4301 576 4359 in
597 4298 729 4361 sabbato.
774 4297 905 4360 XXIX.
927 4298 979 4360 De
994 4299 1164 4361 Pharisaeo
1184 4309 1301 4361 mortuo
1323 4301 1367 4360 ad
1385 4322 1485 4362 vocem

290 4405 367 4470 Iesu.
404 4406 517 4470 XXX.
544 4407 592 4469 Dc
607 4429 704 4492 puero
726 4411 779 4493 qui
794 4411 944 4491 percussit
962 4407 1060 4471 Iesum
1082 4412 1172 4471 morti
1192 4410 1302 4471 tradito
1324 4421 1353 4472 et
1366 4412 1485 4494 quibus-

288 4517 361 4580 dam
389 4521 529 4580 caecitate
554 4513 711 4602 perculsu.
757 4517 888 4581 XXXI.
926 4518 1016 4596 Quod
1036 4518 1119 4582 Iesus
1140 4520 1296 4604 prohibuit
1320 4521 1424 4606 Ioseph
1451 4544 1487 4583 nc

282 4650 342 4712 per
365 4630 444 4691 iram
466 4631 563 4712 iposum
587 4638 730 4714 tanqeret.
776 4628 924 4693 XXXII.
955 4630 1005 4692 De
1027 4630 1167 4693 Zachaeo
1194 4634 1338 4715 mapistro
1361 4631 1430 4694 Iesu
1458 4642 1486 4695 et
