3458 5640
298 610 396 655 Lux
761 590 1034 642 PROIAEGOMBNA.

299 744 352 804 eta
379 764 409 802 τ.
434 734 582 824 αῑοδμασ,
612 736 721 822 ἆμιιμ.)
768 735 866 822 Quod
893 738 1050 820 scriptum
1079 741 1113 801 et
1138 738 1204 821 ipsi
1226 758 1267 803 ex
1294 738 1401 801 Paris.
1424 738 1494 803 cod.

295 834 392 915 llll.
414 850 592 915 hausimus.
636 848 700 916 Sed
725 870 825 932 quum
853 870 912 932 pro
942 847 1074 914 fabulae
1101 849 1235 932 ineptiis
1263 853 1334 913 tum
1357 855 1493 931 propter

299 963 460 1028 sermonis
490 962 707 1027 vitiositatem
737 960 909 1043 indignum
935 958 1025 1043 quod
1055 966 1278 1044 repeteremus
1309 959 1493 1024 videbatur.

301 1072 398 1159 Quod
428 1072 515 1138 idem
546 1072 580 1137 in
612 1071 696 1138 alias
726 1071 886 1155 quasdam
907 1071 1055 1137 Herodis
1087 1071 1243 1156 epistolas
1266 1071 1421 1156 quadrat,
1453 1092 1493 1156 en

300 1185 391 1251 codd.
414 1206 434 1249 a
461 1182 556 1249 nobis
579 1184 778 1267 descriptas,
807 1204 946 1267 quarum
973 1184 1071 1250 breve
1093 1184 1258 1268 specimen
1281 1169 1373 1250 dedit
1394 1182 1492 1248 Thilo

300 1295 379 1364 Ood.
401 1317 510 1380 apocr.
532 1315 605 1379 pag.
629 1294 793 1369 CXXIV.
815 1301 896 1360 nota
920 1297 990 1361 122.

560 1632 562 1637 .
658 1582 762 1650 xlx,
796 1580 935 1686 ‘mons
960 1583 1133 1649 amaru

383 1719 622 1787 Narrationem
644 1722 730 1787 hanc
752 1742 770 1788 e
793 1720 905 1787 codice
927 1719 1107 1787 Mediolon.
1128 1722 1283 1788 Ambros.
1305 1721 1400 1787 Lae.
1423 1742 1493 1786 sae-

300 1831 364 1916 culi
392 1833 460 1899 fere
488 1833 599 1916 quarti
626 1832 744 1898 decimi
772 1831 941 1898 edidimus.
984 1831 1025 1898 In
1049 1854 1115 1916 qua
1137 1834 1201 1899 etsi
1222 1834 1318 1917 plura
1339 1834 1388 1898 ita
1409 1854 1493 1898 com-

298 1949 417 2029 parata
439 1950 524 2028 sunt,
547 1950 586 2009 ut
607 1947 802 2030 scriptorem
824 1965 890 2009 non
913 1946 1180 2028 antiquissimum
1201 1945 1358 2029 prodant,
1381 1951 1492 2010 tamen

299 2052 380 2120 haec
409 2054 521 2121 fabula
551 2056 739 2121 hominibus
770 2056 842 2119 aevi
872 2055 972 2120 medii
1002 2055 1141 2120 multum
1171 2056 1299 2138 placuit
1330 2061 1364 2121 et
1393 2056 1493 2119 variis

298 2164 404 2230 modis
435 2166 577 2249 repetita
609 2173 668 2230 est.
720 2163 893 2229 Edidimus
924 2165 1025 2249 igitur
1054 2170 1232 2249 propterea
1264 2165 1352 2249 quod
1384 2186 1495 2249 queru-

300 2273 475 2341 admodum
503 2277 536 2341 in
565 2275 788 2342 Ambrosiano
817 2277 929 2342 codice
956 2275 1091 2360 legitur,
1119 2297 1158 2342 ex
1186 2276 1374 2360 antiquiore
1403 2274 1494 2340 fonte

300 2387 448 2454 derivata
480 2393 538 2453 est.
583 2386 709 2454 Tamen
736 2408 802 2452 non
829 2392 899 2453 tam
927 2388 966 2453 de
994 2408 1111 2472 graeco
1135 2409 1235 2471 quam
1264 2388 1370 2453 latino
1401 2389 1493 2452 fonte

299 2500 510 2584 cogitandum
537 2501 609 2567 erit.
653 2499 731 2566 Duo
765 2505 876 2566 autem
906 2501 1056 2584 inprimis
1083 2501 1224 2584 vestigia
1254 2506 1332 2566 sunt
1362 2499 1494 2566 fabulae

297 2611 397 2679 huius
427 2612 493 2679 late
525 2619 729 2696 propagatae
760 2618 862 2695 atque
893 2610 1050 2678 excultae.
1102 2611 1255 2679 Alterum
1287 2616 1337 2678 est
1367 2614 1401 2677 in
1431 2611 1495 2679 Le·

300 2724 407 2809 genda
438 2746 539 2790 aurea
568 2725 683 2790 Iacobi
715 2725 754 2790 de
780 2724 963 2812 Voragiue,
993 2725 1029 2790 in
1061 2746 1159 2808 quam
1190 2724 1257 2790 fere
1289 2729 1362 2790 tota
1393 2731 1493 2809 atque

301 2857 422 2920 magna
444 2857 484 2901 ex
506 2841 601 2919 parte
622 2836 739 2901 iisdem
762 2835 869 2901 verbis
891 2842 1027 2919 recepta
1048 2842 1106 2901 est.
1150 2833 1199 2901 Os.
1215 2856 1284 2919 cap.
1298 2835 1397 2901 LIH.
1414 2838 1493 2919 (51.)

302 2951 338 3013 de
358 2951 502 3034 paccione
523 2950 637 3012 domiai
658 2946 719 3031 (ed.
743 2946 880 3014 Graelse
903 2970 977 3032 pag.
999 2949 1061 3013 232
1085 2953 1178 3033 sqq).
1221 2947 1349 3030 Incipit
1375 2949 1495 3012 Interea

302 3082 370 3124 cum
397 3061 543 3145 Tyberim
565 3061 668 3123 morbo
686 3065 779 3146 pravi
799 3072 960 3154 terreretur,
992 3065 1149 3125 auchatrtr
1171 3062 1262 3124 eidem
1284 3061 1366 3146 quod
1386 3061 1496 3124 Hiero·

302 3172 415 3235 solimis
436 3173 558 3256 quitum
582 3173 712 3235 aredicus
733 3183 813 3236 erret.
857 3171 992 3237 Finitur
1016 3173 1123 3238 verbis
1151 3173 1215 3237 his:
1246 3174 1299 3235 ubi
1324 3174 1424 3235 adlruc
1451 3196 1496 3235 re·

303 3284 413 3348 latione
440 3285 628 3370 qttcrundam
656 3287 803 3371 quaedam
834 3287 1008 3371 dyabolicae
1038 3287 1274 3350 machinationes
1303 3286 1425 3349 ebullire
1454 3289 1496 3348 vi-

303 3397 418 3460 denar.
463 3394 529 3461 His
560 3397 713 3479 apposita
744 3402 795 3460 est
824 3402 903 3461 nota
932 3397 1096 3482 Hucusque
1126 3401 1157 3460 in
1187 3399 1348 3482 praedicta
1369 3399 1496 3461 historia

303 3508 480 3592 apocrypha
506 3508 653 3593 loquatur.
697 3508 811 3571 Antea
838 3527 914 3572 vero
946 3528 1019 3590 pag.
1041 3509 1112 3572 231.
1143 3507 1252 3572 media
1279 3507 1362 3573 haec
1384 3509 1497 3592 legun·

304 3622 375 3681 tur:
411 3618 473 3682 Sed
506 3619 542 3680 de
570 3641 670 3703 poena
701 3629 729 3682 et
758 3622 872 3704 oriqine
902 3618 997 3682 Iudae
1028 3622 1155 3681 invenies
1185 3623 1217 3682 ia
1247 3619 1370 3704 legendo
1400 3623 1499 3682 sancti

304 3728 457 3794 Matthiae
486 3731 522 3793 dc
552 3751 652 3814 poena
683 3741 711 3793 et
739 3731 850 3795 acidia
882 3731 1063 3794 Iudaeorum
1100 3734 1131 3794 ia
1164 3730 1287 3816 lcqmda
1317 3735 1416 3815 cancq'
1444 3732 1495 3796 Ie-

305 3843 371 3906 cobi
391 3846 530 3924 minoris,
554 3844 590 3905 de
606 3865 707 3928 poena
728 3853 826 3907 autem
848 3853 878 3907 ct
897 3835 1011 3929 ariqinc
1032 3842 1142 3926 Pylae
1162 3846 1193 3906 iu
1215 3844 1347 3928 quadam
1369 3844 1508 3910 historia,

305 3954 373 4018 licet
392 3956 569 4042 apocrypha
591 3955 714 4041 legitur:
732 3959 804 4040 suit
823 3957 946 4041 quidam
967 3979 1020 4019 rea·
1042 3959 1158 4018 nomine
1184 3955 1301 4039 lynce,
1329 3960 1381 4040 qui
1401 3931 1496 4040 quaa-

305 4067 377 4128 dam
394 4067 528 4150 puellam
551 4071 667 4130 nomine
688 4068 803 4152 Pylum
827 4073 888 4130 etc.
931 4064 1156 4143 conferendus
1180 4071 1230 4130 est
1252 4070 1362 4130 textus
1385 4088 1406 4131 a
1428 4087 1498 4130 ver·

305 4176 357 4239 bis
380 4196 480 4258 supra
503 4176 610 4240 allatis
633 4198 704 4241 cum
727 4178 949 4241 Ambrosiano
973 4181 1097 4242 nostre.

391 4311 545 4376 Alterum
572 4331 649 4376 vero
679 4312 777 4376 huius
808 4310 939 4377 fabulae
966 4312 1139 4395 vestigium
1171 4317 1221 4376 est
1250 4313 1283 4376 in
1309 4313 1498 4377 Passionali

306 4422 424 4504 veteri,
456 4421 543 4505 quod
571 4443 676 4507 nuper
703 4444 742 4488 ex
766 4423 997 4507 manuscriptis
1021 4422 1123 4487 edidit
1144 4422 1188 4488 K.
1210 4425 1252 4489 A.
1275 4423 1395 4489 Hahn:
1426 4423 1498 4488 Das

307 4532 374 4599 alte
388 4533 572 4601 Passional.
615 4533 893 4620 Herausgegeben
913 4557 975 4602 von
993 4534 1035 4602 R.
1050 4535 1093 4601 A
1107 4534 1221 4602 Hahn.
1250 4535 1386 4602 Franks.
1409 4558 1436 4601 a
1451 4534 1500 4601 M.

310 4646 400 4711 1845.
446 4644 495 4713 Os.
517 4668 589 4731 pag.
613 4649 662 4712 88.
686 4669 714 4714 v.
739 4651 775 4714 lt
801 4670 872 4733 sqq.
914 4647 1028 4714 Pauca
1050 4647 1126 4715 inde
1149 4650 1383 4716 exscribamus:
