3458 5640
262 627 321 688 102
450 624 780 677 resono-uerutum
801 628 1039 679 avsuustlun.
1066 629 1140 679 car.
1159 628 1266 679 xxxn.

262 798 350 841 oum.
388 772 480 857 Quid
502 772 635 838 dicam?
672 774 751 839 Non
774 775 871 840 valeo
894 778 1067 842 sustinere
1088 776 1191 841 rerba
1212 778 1311 860 pueri
1334 776 1454 841 huius:

263 878 304 944 de
322 880 387 943 hec
406 879 473 942 iam
489 877 678 960 municipio
696 877 836 962 tugiam,
854 880 937 964 quia
950 880 1124 945 uonvaleo
1142 879 1227 946 liaeo
1244 879 1454 962 intelligere.

262 980 318 1047 Ab
341 981 474 1047 infante
497 1001 602 1046 senex
621 981 839 1065 natussum,
862 983 945 1067 quia
966 1002 1079 1066 neque
1102 982 1240 1047 initium
1261 981 1303 1047 de
1327 982 1455 1067 quibus

263 1088 338 1172 ipse
359 1085 504 1152 affirmat
524 1085 679 1151 invenire
700 1108 770 1153 nou
791 1107 934 1171 possum
956 1109 1020 1153 nec
1042 1085 1153 1153 finem.
1189 1085 1341 1153 Difficile
1364 1088 1455 1153 enirn

263 1198 317 1258 est
331 1192 471 1257 initium
491 1212 531 1255 ex
548 1212 584 1256 so
602 1191 679 1274 ipso
696 1192 861 1274 reperire.
886 1189 989 1257 Certe
1002 1190 1197 1274 dicorebis‚
1216 1214 1284 1257 neu
1296 1193 1456 1274 mentior,

263 1295 355 1379 qued
372 1301 453 1360 aute
470 1315 564 1360 meos
582 1293 701 1359 ocules
719 1295 875 1377 operatio
893 1294 997 1360 huius
1009 1297 1108 1378 puori
1125 1301 1159 1360 et
1175 1296 1277 1361 initia
1287 1299 1457 1363 sermonis

262 1398 337 1462 eius
358 1405 393 1462 ct
411 1398 618 1461 intentionis
637 1397 749 1461 exitus
767 1396 855 1461 nihil
872 1418 948 1462 eum
965 1398 1163 1462 horninibus
1175 1420 1353 1463 commune
1365 1398 1458 1464 vida·

262 1508 319 1565 tur
334 1499 473 1565 habere.
504 1499 574 1564 Hie
591 1519 673 1582 erge
691 1499 809 1563 nascio
826 1521 870 1564 an
887 1520 1007 1582 magus
1024 1505 1086 1565 aut
1105 1499 1190 1564 deus
1208 1502 1268 1580 sit;
1285 1507 1346 1566 aut
1361 1507 1456 1567 certe

263 1602 408 1686 angelus
420 1601 476 1666 dai
493 1601 650 1684 loquitur
666 1602 701 1664 in
719 1622 770 1665 eo.
795 1600 896 1666 Unde
914 1603 961 1666 sit
976 1609 1037 1666 ant
1053 1602 1145 1667 uude
1157 1604 1290 1668 uenerit
1305 1610 1366 1669 aut
1378 1605 1457 1687 quis

263 1706 401 1770 futurus
419 1706 475 1786 sit,
492 1704 621 1769 neseio.
667 1707 678 1739 ⁴
694 1702 794 1769 Tune
809 1703 909 1770 Iesus
927 1705 1019 1771 lacto
1036 1705 1133 1770 vultu
1151 1705 1335 1773 subridens
1353 1706 1396 1772 da
1416 1727 1457 1772 eo

264 1808 352 1874 dixit
368 1829 445 1873 cum
466 1809 612 1891 imperio
629 1809 765 1873 eunctis
782 1808 863 1873 liliis
880 1808 992 1874 Israel
1013 1810 1209 1875 astantibus
1230 1817 1266 1875 et
1286 1810 1459 1876 audienti·

264 1912 344 1978 lius:
379 1911 610 1978 Fructificent
633 1911 842 1978 infructuosi
865 1919 900 1978 et
921 1912 1061 1977 videant
1080 1915 1176 1979 coeci
1198 1923 1233 1979 et
1254 1912 1369 1979 claudi
1390 1936 1459 1980 arn-

263 2016 387 2081 bulent
403 2022 496 2082 recte
514 2022 549 2095 ct
565 2037 737 2099 pauperes
755 2016 915 2083 fruantur
930 2017 1031 2095 lionis
1049 2023 1084 2082 ct
1101 2020 1307 2083 reviviscant
1320 2021 1457 2099 mortui,

265 2125 304 2184 ut
319 2119 555 2201 redintegrato
573 2125 665 2184 statu
683 2120 924 2202 unusquisque
941 2125 1135 2184 revertatur
1151 2127 1186 2184 et
1202 2127 1404 2203 permaneat
1423 2122 1458 2184 in

266 2243 305 2286 ee
328 2221 404 2302 ipse
423 2221 482 2303 qui
504 2220 601 2285 radix
623 2227 677 2286 est
700 2222 789 2285 ritae
812 2227 848 2284 ct
868 2220 1064 2284 dulcedinis
1085 2228 1287 2303 perpetuae.
1317 2221 1457 2285 Etcum

265 2322 330 2388 hee
351 2322 496 2387 dixisset
517 2322 631 2387 infans
648 2322 765 2404 Iesus,
788 2323 953 2387 continuo
977 2329 1058 2387 sunt
1079 2343 1197 2388 omnes
1219 2324 1376 2387 restituti
1399 2324 1458 2407 qui

265 2425 328 2491 sub
345 2424 444 2490 malis
456 2423 660 2491 deciderant
675 2423 945 2490 infirmitatibus.
969 2424 1017 2490 Et
1032 2425 1180 2509 amplius
1197 2447 1267 2490 nen
1282 2425 1461 2491 audebant

265 2529 381 2595 dicere
399 2529 431 2594 ei
447 2528 581 2612 aliquid
598 2535 659 2594 aut
674 2527 795 2594 audire
815 2527 857 2594 ab
875 2548 926 2594 eo.

707 2749 826 2817 Osiena
849 2751 1013 2817 XXXII.

351 2908 438 2973 Post
456 2906 541 2972 haec
557 2906 721 2972 abierunt
736 2906 816 2972 inde
828 2905 957 2989 Ioseph
974 2905 1132 2971 etMaria
1148 2927 1225 2970 cum
1235 2904 1317 2971 Iesu
1334 2906 1369 2969 in
1382 2906 1461 2971 ciri-

267 3017 373 3077 tatem
383 3010 573 3093 Nazareth3
592 3017 627 3077 et
642 3016 717 3077 erat
733 3010 782 3075 ibi
799 3032 876 3076 eum
887 3009 1092 3093 parentibus
1104 3010 1186 3075 suis.
1211 3008 1351 3076 Etcum
1368 3017 1462 3076 esset

267 3115 317 3183 ibi
338 3138 408 3182 una
424 3115 576 3199 subbati,
599 3115 678 3181 dum
695 3115 795 3181 Iesus
813 3114 952 3180 luderet
967 3137 1043 3180 cum
1063 3113 1258 3180 insentibus
1279 3115 1314 3179 iu
1332 3113 1461 3180 solario

268 3331 364 3379 invenit
376 3330 447 3378 Iesus
460 3329 550 3378 libiam
562 3344 635 3377 anam
647 3329 674 3376 in
687 3334 759 3377 terra
771 3326 817 3389 (et.
831 3327 864 3375 ad
879 3328 944 3375 hirec
958 3331 986 3376 et
995 3327 1137 3390 sequeutia
1146 3341 1204 3389 cap.
1216 3325 1358 3388 XXXlX.):
1372 3328 1399 3376 et
1409 3343 1464 3375 casm

268 3416 408 3477 accepisset
420 3431 481 3471 eam,
494 3414 635 3473 operatios
647 3430 717 3462 sauia
729 3410 783 3476 [et]
797 3413 946 3474 taprobane
957 3413 988 3461 sta
999 3413 1094 3472 spirita
1105 3416 1202 3468 sancto,
1215 3410 1270 3474 [et]
1282 3413 1313 3459 <le
1326 3411 1380 3473 lopo
1391 3411 1464 3460 does·

269 3500 312 3547 liat
329 3501 465 3547 universos.
492 3499 581 3546 Omnes
598 3498 695 3561 quidem
712 3499 755 3561 qui
773 3498 905 3553 antistant,
923 3496 1029 3544 libenter
1041 3511 1095 3542 sam
1108 3496 1256 3551 audiebant,
1274 3492 1329 3556 [et]
1343 3497 1464 3557 depreea-

269 3583 361 3631 beatur
379 3600 432 3631 ram
449 3588 477 3631 ut
494 3583 602 3631 alterius
618 3584 719 3630 doceret
737 3599 785 3630 ees.
816 3580 943 3642 alapam·
961 3580 1007 3627 itte
1023 3581 1096 3626 iusta
1112 3595 1166 3627 earn
1184 3580 1286 3627 scatebat
1304 3595 1357 3626 (aru
1374 3580 1464 3627 timere

269 3683 367 3730 mappa,
384 3668 452 3731 qaia,
470 3683 523 3715 cam
534 3682 584 3715 nea
595 3672 660 3715 esset
671 3667 753 3715 deiram
765 3682 895 3721 annorum,
913 3667 944 3712 de
956 3681 999 3713 ore
1012 3665 1091 3724 ipsius
1102 3664 1260 3711 subtilissimi
1272 3679 1396 3712 sermones
1412 3665 1464 3711 ssi·

270 3752 338 3802 derit.
364 3751 473 3801 Carnem
489 3756 571 3800 autem
587 3752 708 3815 mapista·
725 3752 760 3799 ari
773 3751 864 3812 loseph
876 3750 943 3798 dicit
959 3750 996 3796 ei:
1022 3749 1096 3797 Scias
1105 3751 1197 3813 frater
1210 3750 1275 3813 qaod
1293 3749 1380 3813 infans
1397 3753 1464 3806 turre,

270 3855 340 3903 paam
352 3839 387 3887 ad
398 3837 611 3901 dismplinapdum
622 3839 735 3900 suscepi,
753 3837 881 3901 sapientia
900 3842 925 3886 et
936 3836 1016 3885 srisilta
1025 3837 1115 3898 pratia
1127 3841 1165 3884 est
1176 3835 1296 3897 repletus.
1321 3835 1389 3882 Erre
1402 3835 1465 3884 telis

270 3942 324 3974 esan
336 3925 363 3975 in
374 3925 471 3974 msam
483 3929 564 3983 tuam,
582 3923 647 3988 quod
658 3924 746 3987 qratia
759 3939 832 3986 qaum
844 3922 917 3970 tradet
930 3939 946 3969 a
958 3921 1057 3970 <laricino
1069 3922 1115 3970 ileo
1127 3922 1192 3970 data
1203 3926 1241 3970 est
1252 3921 1284 3970 ei.
1310 3920 1369 3969 Oam
1381 3925 1465 3970 actem

270 4012 384 4061 audisset
393 4012 464 4060 Iesus
474 4011 621 4075 mapistram
633 4008 682 4058 illa
694 4009 845 4074 toquentem,
862 4009 992 4070 respondit
1004 4013 1029 4057 et
1041 4009 1107 4057 dixit
1120 4009 1155 4056 ei:
1180 4007 1270 4056 Verum
1281 4008 1384 4065 dixisti,
1404 4009 1465 4071 quia

270 4100 349 4148 omnis
356 4103 472 4160 potestas
482 4098 546 4146 date
558 4102 595 4146 est
606 4097 666 4146 miti
678 4113 694 4144 a
704 4100 782 4158 patre
792 4111 845 4144 mee
858 4097 901 4158 prii
912 4111 949 4143 nze
961 4096 1036 4143 misit.
1062 4095 1113 4142 Seri
1125 4091 1261 4157 [propter]
1274 4093 1382 4149 verbum,
1398 4095 1464 4157 paud

270 4186 302 4233 ds
312 4201 350 4233 ras
362 4185 460 4233 loeutus
471 4199 510 4241 es,
528 4183 574 4231 ille
585 4184 705 4247 mapistes·
718 4183 760 4246 pai
771 4198 809 4229 ine
818 4182 945 4242 percussit
958 4196 1061 4243 surpere
1072 4180 1159 4236 halet,
1179 4180 1221 4242 pai
1233 4183 1345 4227 mortuus
1357 4183 1402 4227 est.
1429 4179 1465 4226 Et

270 4269 352 4318 sedito
363 4270 476 4318 sarroait
488 4270 629 4332 quisaerat
640 4250 765 4324 doricus,
784 4271 809 4315 et
823 4267 889 4315 cessit
901 4268 935 4314 rut
947 4267 1044 4313 «lorraine
1056 4282 1134 4313 suain.
1164 4264 1203 4311 Ct.
1218 4265 1282 4312 hsce
1296 4264 1418 4326 inprimis
1432 4263 1465 4310 ad

272 4369 365 4417 evang.
379 4354 470 4402 l'hom.
484 4354 573 4402 Latin.
587 4368 645 4417 cap.
657 4351 732 4400 x111.
758 4351 898 4400 Praeterea
911 4367 965 4398 non
979 4349 1190 4398 obliviscendum
1205 4355 1260 4405 est,
1280 4349 1418 4396 historiam
1432 4346 1466 4396 (le

271 4440 398 4503 magistro
418 4454 449 4488 ex
463 4439 606 4489 devotione
625 4442 744 4493 mortue.
763 4452 830 4500 quno
848 4452 879 4485 ox
893 4437 984 4485 codice
999 4450 1015 4483 a
1029 4436 1117 4499 rapite
1131 4433 1277 4483 xxxvlll.
1291 4433 1419 4491 liabetur,
1438 4432 1466 4481 in

271 4523 363 4573 radice
378 4537 393 4571 u
407 4525 458 4574 iarn
471 4530 534 4574 ante
548 4528 629 4588 eaput
643 4531 762 4573 nostruin
776 4523 853 4571 XXX.
867 4523 982 4586 pesitum
997 4537 1062 4570 esse.

326 4591 447 4662 'xxxln
465 4611 528 4661 Post
539 4611 601 4659 liaeo
612 4610 729 4659 alierum
740 4611 790 4672 (ita
800 4610 883 4658 codex
896 4622 926 4667 u;
940 4607 998 4656 cod.
1013 4622 1027 4655 a
1042 4607 1170 4666 abierant)
1182 4632 1189 4641 -
1201 4632 1209 4642 ·
1220 4621 1274 4654 ram
1283 4607 1386 4669 parent.
1400 4603 1467 4652 siris.-

272 4698 338 4747 huoe
356 4698 384 4747 in
398 4697 486 4747 coda
503 4697 537 4749 sd
554 4698 694 4748 historiam
708 4696 804 4760 cepitis
823 4696 908 4745 nostri
922 4694 1028 4743 llllt'll.
1043 4695 1195 4758 pertinent,
1216 4693 1290 4740 enim
1308 4692 1341 4740 sd
1359 4691 1467 4739 initium

271 4783 431 4848 scripturam
450 4782 551 4833 codicis
568 4796 586 4833 a
604 4785 782 4848 apposuimus.
806 4779 810 4848 Ι
834 4783 872 4830 Et
889 4796 942 4831 cum
958 4784 1022 4829 esset
1037 4779 1073 4828 ilii
1089 4794 1140 4828 aaa
1156 4777 1256 4826 satiati
1274 4780 1331 4825 etc:
1355 4774 1468 4824 eandem
