3458 5640
283 585 400 632 mm
750 558 1021 613 raonnoouurm.

285 718 407 788 Grabii
435 699 546 782 codice
575 713 758 781 Oxonienei
785 712 875 795 fit¹);
906 717 1007 794 atque
1036 711 1200 775 consentit
1226 711 1326 775 etiam
1349 709 1481 776 libellus

285 829 418 896 saeculo
442 829 557 912 quinto
583 826 709 892 decimo
732 824 840 891 editus
863 822 922 888 sub
945 822 1043 888 titulo
1066 821 1225 887 infantiae
1249 819 1433 888 salvatoris
1445 821 1481 903 ¹).

285 941 411 1008 Contra
443 945 493 1005 eet
524 943 663 1021 uterque
692 935 844 1002 Thilonie
876 934 979 1000 codex
1007 933 1221 1017 Parieiensis,
1252 934 1309 998 ubi
1338 930 1481 999 Iacobus

284 1054 372 1120 filiue
398 1051 534 1136 Iosephi
561 1057 678 1115 auctor
704 1047 893 1132 fingitur³)‚
924 1046 1150 1112 consentiente
1178 1047 1278 1112 etiem
1307 1044 1481 1112 Cantabri·

285 1166 391 1250 giensi
420 1163 532 1250 codice
555 1161 802 1228 recentissimae
824 1161 944 1226 aetatis
966 1181 987 1225 a
1009 1158 1151 1224 Thilone
1173 1159 1369 1242 inspecto⁴).
1413 1157 1481 1223 Ac·

286 1276 373 1342 cedit
394 1274 481 1359 quod
504 1273 696 1358 opusculum
719 1272 858 1337 alterum
882 1271 922 1336 de
944 1270 1120 1335 nativitate
1135 1269 1266 1335 Mariae
1288 1268 1481 1353 plerumque

286 1408 359 1452 eum
382 1385 579 1468 Hieronymi
607 1383 728 1448 litteris
754 1382 894 1446 inveniri
917 1380 1059 1464 videtur,
1089 1401 1288 1463 quamquam
1311 1380 1350 1445 de
1378 1402 1418 1445 ea
1444 1401 1480 1444 re

286 1518 352 1563 non
375 1497 457 1561 eatis
481 1499 620 1560 constat

375 1606 442 1674 Sed
465 1625 594 1671 omnem
618 1603 856 1669 dubitationem
885 1608 1033 1668 noctram
1062 1603 1197 1667 sustulit
1218 1602 1281 1667 hoc
1304 1600 1393 1684 quod
1416 1601 1482 1684 epi·

285 1693 377 1802 scopi
399 1717 525 1783 duobus
548 1717 709 1801 epistolae
730 1715 811 1782 locie
832 1721 868 1798 ,ct
881 1715 1018 1801 virginio
1040 1716 1158 1780 matris
1180 1719 1214 1780 et
1229 1713 1412 1780 Salvatorie
1434 1715 1482 1778 in·

285 1831 424 1899 tantiam
445 1831 508 1897 hoo
531 1829 701 1915 evangelio
723 1828 889 1894 Matthaei
912 1828 1075 1894 contineri
1097 1827 1298 1914 significant,
1323 1832 1423 1911 etque
1446 1827 1481 1892 in

284 1945 366 2028 ipsis
387 1943 585 2028 Hieronymi
612 1944 733 2009 litteris
762 1947 812 2008 eet
839 1964 892 2006 nos
913 1946 976 2006 eata
998 1923 1183 2007 orationibus
1205 1943 1347 2006 adiuvent
1367 1945 1419 2027 qui
1439 1943 1483 2005 od

288 2057 458 2122 salvatore
479 2060 576 2120 nostri
594 2066 732 2135 eoactum
754 2059 916 2141 insontium
938 2077 996 2140 per
1018 2064 1153 2119 notham
1174 2058 1330 2138 pomerint
1350 2055 1482 2117 obedien-

286 2171 359 2231 tiam
382 2173 547 2252 peromire.
592 2165 688 2232 Haec
710 2166 843 2230 minime
866 2165 1031 2249 quadrant
1052 2167 1087 2229 in
1109 2163 1207 2230 breve
1230 2164 1312 2230 illud
1335 2163 1374 2229 de
1397 2165 1482 2228 nati·

284 2279 387 2344 vitate
401 2277 530 2344 Mariae
554 2276 767 2361 evangelium,
790 2275 878 2361 quod
901 2297 939 2343 eo
959 2269 1034 2360 'ipso
1056 2275 1129 2342 loco
1150 2276 1272 2341 desinit
1293 2275 1351 2341 ubi
1374 2296 1480 2340 eerruo

285 2512 314 2558 et
332 2507 433 2557 decinit
453 2522 502 2570 per
519 2509 632 2555 ooatrom
647 2509 770 2570 potemur
786 2505 952 2555 obedientiam
966 2506 1109 2569 pervenire.
1147 2504 1228 2556 Liber
1245 2504 1344 2570 incipit
1366 2503 1423 2553 Uro
1439 2505 1481 2554 die

284 2590 429 2642 admonitae
446 2594 484 2642 ert
501 2591 527 2639 ia
545 2590 638 2639 comnia
656 2590 746 2654 Ioeepb
764 2589 795 2638 ob
814 2588 903 2654 capelo
921 2589 1016 2639 domini
1033 2587 1080 2653 (ci.
1099 2589 1169 2653 apud
1187 2605 1236 2639 noe
1255 2588 1340 2646 xvu,
1359 2590 1395 2651 2.)
1429 2589 1480 2640 De·

284 2677 353 2728 aiuit
370 2677 424 2740 ipae
442 2676 514 2726 Ieeea
534 2675 660 2734 Obrietae,
684 2677 728 2740 qui
744 2691 798 2724 eam
815 2675 929 2733 eoaamt,
951 2679 1024 2725 eoiret
1044 2690 1091 2724 eoa
1108 2691 1125 2723 o
1144 2675 1271 2738 peccetis,
1296 2676 1339 2740 pei
1355 2680 1393 2725 eet
1411 2675 1480 2724 bene·

283 2765 367 2814 diotae
391 2766 443 2812 etc.
480 2761 564 2823 (Haeo
583 2768 700 2812 extrema
720 2761 849 2825 quadrare
868 2762 994 2811 videntur
1015 2763 1044 2810 in
1068 2761 1147 2810 finem
1171 2763 1269 2825 capitia
1290 2762 1377 2810 noatri
1396 2761 1480 2822 xm.)

282 2850 387 2901 Ibidem
412 2855 474 2899 tom.
494 2849 540 2899 lv,
565 2865 591 2913 p.
609 2850 668 2899 474.
693 2849 725 2898 de
747 2850 833 2898 altero
852 2849 944 2898 codice
963 2849 1121 2912 explicatur.
1158 2848 1306 2898 Praemium
1323 2848 1412 2898 eadem
1431 2849 1480 2897 illa

283 2935 441 3000 Hieronymi
454 2936 570 2999 epistola
583 2940 664 2998 caput
676 2934 787 2999 primum
801 2939 843 2984 oet
861 2935 892 2984 de
901 2935 973 3000 sepo
984 2937 1043 2984 Iera
1058 2936 1085 2984 io
1096 2937 1237 3000 Aeyyptam
1250 2931 1296 2995 (of.
1306 2933 1480 2999 cap.XV11.).

284 3021 438 3091 Extremum
457 3019 527 3069 hauc
546 3019 629 3070 habet
647 3020 824 3086 epigraphen:
854 3019 990 3083 Quomodo,
1008 3021 1109 3086 quoodo
1127 3020 1202 3069 mmai
1219 3021 1390 3078 comedebant,
1409 3021 1482 3070 Ierue

281 3122 380 3156 meaeoe
398 3105 567 3165 benedicebat,
589 3111 614 3155 et
632 3106 731 3172 quoodo
750 3106 897 3166 dormiebat,
916 3106 1026 3156 eloritoe
1042 3106 1085 3156 dei
1101 3122 1177 3168 ceper
1196 3122 1250 3155 mm
1259 3106 1391 3171 selyebot.
1429 3105 1480 3155 De·

282 3192 350 3241 aiuit
368 3193 395 3240 ia
412 3191 453 3239 die
471 3192 523 3240 aioe
539 3191 566 3240 ia
584 3194 669 3248 noete,
694 3190 803 3240 claritas
819 3192 861 3241 dei
880 3190 1057 3254 resplendebat
1074 3206 1150 3254 seper
1168 3206 1235 3248 eom,
1261 3192 1286 3239 in
1304 3190 1407 3241 soeculo
1425 3206 1479 3239 roe·

282 3278 402 3328 celorum
433 3280 522 3328 Amen.
560 3275 646 3341 (Haec
664 3278 732 3328 eatie
750 3276 917 3342 reapondeut
934 3277 1035 3327 neatria
1055 3277 1144 3342 eapite
1162 3275 1260 3339 xnll.)

368 3359 390 3426 1)
410 3361 486 3421 Quod
505 3362 575 3412 euim
595 3361 708 3411 Grabiue
727 3362 760 3412 ad
779 3361 884 3412 irenaei
902 3361 924 3420 I,
944 3361 1230 3426 momentanee.
1250 3360 1271 3420 1,
1291 3361 1343 3425 20.)
1365 3363 1479 3421 notavit,

282 3446 416 3497 contineri
441 3461 472 3496 eo
497 3446 589 3496 codice
608 3445 885 3510 Proeto-empetiem
901 3445 1004 3504 Lucii,
1028 3445 1057 3495 id
1079 3445 1143 3496 iude
1168 3445 1354 3509 explicandum
1375 3446 1480 3496 videtur

284 3530 356 3596 qnod
375 3530 489 3581 heuoiua
513 3530 584 3580 idern
602 3530 735 3580 Matthaei
759 3531 888 3594 scriptum
912 3530 946 3580 ad
970 3545 1043 3581 anem
1067 3535 1183 3580 mentem
1207 3531 1400 3580 conformatum
1425 3531 1479 3582 edi·

283 3618 355 3668 diaae
373 3617 402 3667 in
420 3618 523 3669 littorio
541 3617 652 3683 fingitur
670 3617 834 3683 Hieronymi.

367 3701 391 3768 ²)
411 3704 451 3757 Cf.
470 3705 537 3756 nuo.
556 3705 628 3756 nain
646 3706 832 3771 Repertorium
854 3705 1109 3771 bibliographieum,
1134 3704 1181 3754 nbi
1200 3702 1240 3762 11,
1260 3707 1283 3753 l.
1307 3721 1333 3769 p.
1354 3707 1412 3754 1³0.
1432 3722 1478 3755 nu-

282 3807 356 3842 mero
374 3792 450 3843 9178.
476 3797 696 3843 commemoratur
718 3793 837 3858 Itysoatio
861 3791 1018 3842 Solomrir.
1061 3790 1176 3840 Libellos
1198 3792 1229 3841 de
1252 3792 1365 3857 irpsoatio
1387 3789 1478 3843 Soloe·

284 3879 349 3929 torie
373 3895 394 3927 o
413 3878 485 3929 beato
503 3878 659 3945 Hieronymo
684 3878 834 3929 translatae.
872 3877 926 3937 Qui
947 3878 1055 3929 libellus
1080 3892 1128 3928 neo
1151 3893 1167 3927 a
1190 3876 1292 3928 hodor.
1311 3878 1382 3928 liaiu
1407 3878 1480 3929 viane

283 3971 326 4015 eet
344 3979 394 4014 neo
412 3979 428 4013 a
446 3964 560 4013 'I'hiloue
579 3979 628 4014 neo
647 3979 662 4013 a
679 3979 729 4013 mo.

367 4047 390 4112 ³)
409 4048 532 4099 Ceterum
550 4048 683 4108 „iacobue
701 4049 772 4098 diiua
790 4048 916 4112 Ioaephi“
939 4047 1007 4097 idem
1029 4051 1071 4096 eat
1089 4047 1135 4112 qui
1153 4048 1182 4095 iu
1201 4049 1304 4112 graecia
1322 4048 1399 4097 libria
1417 4065 1480 4099 maa.

282 4133 479 4198 proterangetii
492 4123 684 4197 ἁδελῲόθεοσ
696 4131 809 4191 dicitur,
828 4146 914 4194 neque
927 4133 1011 4195 magia
1026 4131 1095 4179 aliua
1113 4134 1155 4179 eat
1171 4122 1319 4177 ἹάκωΒοσ
1332 4128 1479 4195 ἘΒραῖοσ

281 4215 427 4280 Epiphauii
454 4215 592 4272 monaehi,
620 4230 698 4279 quum
725 4215 801 4263 illum
828 4216 856 4263 in
883 4216 941 4278 ipeo
966 4215 1065 4263 Mariae
1094 4218 1172 4277 partu
1199 4209 1355 4263 interhrieae
1382 4216 1479 4268 faciat:

275 4288 580 4361 ἹᾶκωΒοσἘΒραῖοσ
598 4291 670 4346 τότε
686 4295 797 4364 ωαρώμ
823 4303 875 4348 etc.
913 4296 955 4346 Oi.
974 4297 1071 4361 iipiph.
1090 4297 1164 4346 edite
1183 4302 1211 4345 et
1229 4296 1300 4347 iued.
1319 4312 1382 4346 cura
1400 4299 1478 4348 Drer-

280 4386 330 4434 ael.
353 4400 379 4448 p.
397 4386 438 4434 28.

365 4467 389 4535 ⁴)
410 4468 534 4522 orceo.
553 4485 642 4536 apocr.
661 4487 687 4535 p.
704 4469 781 4522 CXV.
810 4470 842 4521 ln
861 4472 947 4521 altero
966 4470 1058 4521 codice
1077 4475 1184 4531 noatro,
1208 4471 1226 4522 i.
1244 4487 1268 4521 e.
1288 4471 1478 4530 Laurentiano,

281 4574 331 4610 neo
352 4558 468 4622 epietota
491 4572 541 4608 nec
564 4559 648 4624 magia
670 4559 727 4609 ulla
748 4557 890 4624 ineoriptio
914 4573 973 4609 erae
996 4559 1116 4622 ridetur;
1140 4562 1214 4609 certe
1233 4559 1303 4609 enim
1323 4559 1392 4609 nihil
1411 4560 1479 4610 eiua·

280 4645 352 4696 modi
371 4645 399 4695 in
417 4643 525 4696 eohedie
543 4645 609 4696 meir
629 4646 730 4697 notari.
