3458 5640
752 616 1025 671 rnonnuouunn.
1401 634 1492 680 xm

295 769 457 836 assentior
471 771 511 853 ¹),
542 790 580 835 eo
603 768 812 853 potissimum
835 768 878 834 ad
899 769 1028 834 litteras
1052 775 1153 853 atque
1176 774 1265 835 artes
1287 769 1361 834 vim
1374 768 1493 835 habuit
1523 822 1529 834 .

294 882 381 968 quod
412 888 552 950 exeunte
583 882 715 948 saeculo
738 880 843 948 XIIL
874 881 909 946 in
940 881 1115 950 historiam
1140 881 1392 948 Lombardicam
1424 882 1491 949 sive

293 996 482 1081 Lugendum
512 1017 647 1062 auream
674 995 743 1062 fere
771 999 844 1060 tota
873 1001 1009 1079 recepta
1036 1000 1095 1061 est
1148 995 1197 1063 Of.
1227 1017 1297 1079 cap.
1317 995 1492 1068 ¹CXXXI.

296 1115 407 1190 (antea
425 1112 507 1191 126.)
526 1109 574 1174 ed.
586 1109 730 1176 Graesee
749 1110 838 1173 1846.
854 1129 928 1192 pag.
944 1109 1005 1174 585
1022 1129 1092 1192 sqq.
1102 1110 1137 1191 ²),
1152 1108 1239 1174 unde
1254 1109 1352 1192 plura
1365 1109 1492 1174 utiliter

295 1221 436 1287 conferri
465 1226 603 1304 possunt
626 1242 700 1285 oum
724 1226 815 1286 textu
838 1243 858 1284 a
880 1220 975 1285 nobis
998 1219 1096 1287 edito.
1140 1219 1241 1285 Hunc
1264 1242 1341 1286 vero
1365 1225 1492 1286 tentum

295 1333 506 1415 repetivimus
525 1331 799 1416 quemadmodum
822 1354 861 1396 ox
885 1330 1085 1397 editionibus
1109 1353 1243 1414 operum
1259 1331 1492 1414 Hieronymia·

295 1464 410 1507 norum
425 1443 568 1524 Erasmi,
590 1442 731 1508 Marion.
740 1442 895 1524 Victorii,
918 1442 1161 1523 Tribbeohovii
1184 1441 1394 1524 Martianaei,
1413 1439 1492 1508 Val-

295 1553 396 1634 larsii,
418 1554 453 1619 in
477 1554 607 1620 codices
631 1553 838 1638 apocryphos
861 1553 1010 1618 Fabricii
1035 1559 1069 1618 et
1090 1553 1240 1619 Thilonie
1263 1553 1405 1634 transiit,
1427 1552 1492 1618 nisi

298 1665 385 1750 quod
406 1664 574 1750 vulgatam
597 1666 795 1750 scripturam
819 1666 998 1751 aliquoties
1021 1665 1275 1748 emendavimus,
1299 1663 1420 1731 collato
1444 1665 1492 1731 in·

296 1800 394 1862 super
421 1779 591 1863 evangelio
615 1779 941 1860 Pseudo-Matthaei,
971 1780 1063 1845 ouius
1089 1779 1191 1845 oodex
1212 1784 1327 1844 noster
1350 1776 1494 1843 Ambro-

298 1891 410 1955 sianus
427 1892 536 1972 (Amh)
561 1892 628 1956 sive
643 1891 887 1957 Laurentianus
911 1891 1108 1956 declamante
1132 1896 1191 1972 oet,
1214 1890 1353 1955 alterum
1376 1889 1494 1955 horum

295 2001 454 2067 librorum
477 2023 517 2066 ex
540 2002 644 2067 altero
667 2002 905 2085 interpolatum
929 2023 1009 2067 esse.

298 2271 359 2321 huie
381 2270 510 2321 historiae
534 2270 645 2335 virginis
668 2271 821 2336 praeposita
845 2270 1015 2328 constiterit,
1044 2270 1215 2321 Rossriths
1238 2270 1344 2334 postris
1370 2284 1441 2320 asae.
1460 2267 1492 2319 X.

297 2358 425 2412 testetur,
445 2355 512 2418 quse
530 2368 586 2405 esm
605 2354 759 2413 historiam,
785 2369 863 2419 quem
881 2355 940 2418 ipss
958 2355 1079 2404 versibus
1097 2355 1260 2404 hexametris
1279 2352 1424 2417 expressit,
1443 2351 1492 2402 sub

296 2437 402 2487 nomine
424 2437 515 2488 Iseobi
542 2438 668 2502 seriptsm
696 2439 806 2504 reperit.
852 2437 893 2489 Cf.
918 2439 1003 2488 Roen.
1030 2454 1091 2503 app.
1116 2438 1158 2487 ed.
1183 2436 1388 2488 Sohurstieiseh.
1414 2435 1490 2488 1707.

297 2539 355 2589 pag.
373 2524 406 2575 73
424 2540 465 2588 sq.

380 2617 402 2682 1)
422 2618 463 2670 Ci.
482 2619 547 2671 eod.
565 2636 654 2686 apocr.
672 2619 764 2670 XCVI.

380 2711 404 2778 ²)
423 2715 464 2765 Ibi
484 2716 565 2766 etiam
584 2718 700 2767 refertur
718 2716 752 2766 ad
771 2717 961 2781 Hieronymum
980 2715 1069 2764 verbis
1092 2715 1134 2764 his
1152 2714 1301 2782 Hysteriam
1323 2715 1489 2783 antem-nati·

296 2803 385 2853 nitatis
401 2803 511 2868 nirainie
528 2804 616 2854 heatae
634 2803 816 2870 Hieronymus,
837 2808 866 2853 st
883 2804 910 2851 in
924 2802 1034 2868 prologo
1051 2802 1146 2867 refert,
1169 2801 1372 2852 adolescentulas
1388 2801 1416 2851 in
1433 2817 1491 2867 qna·

297 2891 355 2939 riam
373 2891 439 2941 lihra
458 2891 528 2957 legit,
547 2893 590 2942 sed
605 2892 787 2955 postmultum
805 2891 937 2955 temperis,
960 2894 988 2940 at
1004 2906 1031 2940 se
1049 2890 1139 2940 itidem
1157 2889 1248 2954 lenisse
1265 2890 1386 2948 recoluit,
1408 2890 1491 2955 primo

294 2983 399 3042 regnatas
416 2981 602 3044 transscripsit,
622 2981 657 3031 af.
676 2996 736 3046 pag.
752 2980 810 3031 587.
845 2979 909 3045 lpas
928 2978 1041 3028 historin
1060 2977 1099 3027 sio
1117 2977 1272 3027 inchoatur:
1292 2978 1406 3028 Iaaehim
1422 2994 1490 3028 nam·
1575 3025 1579 3032 .

297 3080 342 3129 qne
359 3083 390 3115 ea
412 3065 534 3116 Galilaea
557 3069 582 3116 et
600 3067 704 3117 aiaitate
722 3066 852 3116 Nazareth
870 3068 984 3115 sanatam
1002 3065 1103 3113 Annam
1120 3080 1151 3112 ea
1169 3063 1314 3113 Bethlehem
1336 3064 1410 3113 duait
1432 3080 1492 3114 nso·

295 3167 356 3200 rem.
395 3152 473 3202 Amba
497 3157 580 3202 numm
602 3153 664 3202 iasts'
687 3157 762 3202 erant
779 3159 804 3203 et
822 3152 893 3202 amha
911 3153 965 3201 sine
982 3151 1175 3214 reprehensione
1191 3151 1219 3198 in
1237 3150 1348 3199 amathas
1364 3152 1494 3202 mandatis

296 3238 391 3287 (lamini
408 3239 563 3297 insedebant,
582 3254 722 3303 amnemque
740 3255 810 3288 raam
827 3238 994 3287 substantiam
1012 3236 1117 3302 trifarie
1129 3236 1283 3294 dividebant,
1302 3253 1377 3286 anam
1391 3243 1492 3300 partam

298 3321 389 3383 templo
406 3326 431 3378 et
449 3323 536 3384 templi
554 3323 718 3371 servitoribus
735 3322 911 3386 impendebant
933 3328 986 3370 eto.
1024 3321 1148 3384 Per-gitur
1166 3336 1249 3383 unque
1268 3321 1302 3369 sd
1321 3322 1401 3370 verbs
1420 3323 1492 3387 airas

298 3412 380 3455 artem
397 3407 489 3456 Maria
509 3424 563 3457 mem
585 3408 639 3457 1⁷11
657 3409 797 3471 uirginitas
814 3408 913 3456 coaevis
930 3411 955 3455 et
974 3407 1139 3455 collactaneis
1156 3408 1221 3462 escis,
1247 3407 1356 3470 quaneh
1373 3409 1491 3458 ostensio·

297 3505 352 3537 mm
368 3489 490 3538 miraanls'
506 3506 523 3538 a
540 3491 672 3540 saeerdate
689 3494 837 3553 aaaeperat,
861 3491 896 3538 ad
918 3490 1016 3538 damam
1035 3495 1171 3553 parentem
1194 3491 1221 3538 in
1239 3489 1369 3538 Nazareth
1390 3506 1493 3539 reuersa

297 3576 342 3630 est,
361 3574 396 3621 as.
417 3573 495 3623 fluam
514 3574 611 3637 ospitis
625 3572 701 3623 vl11.
739 3574 851 3636 Reliqua
870 3573 888 3622 i.
902 3589 923 3622 a.
943 3573 1123 3637 cspp.1X.X.
1143 3572 1298 3622 brevissime
1318 3573 1493 3624 absolvuntur

298 3659 338 3708 hie
364 3661 395 3708 in
415 3660 502 3708 dietas
525 3664 609 3708 astmn
630 3659 687 3708 illis
705 3660 810 3723 annelare
831 3659 940 3710 Gabriel
957 3661 1086 3709 ei'aranti
1103 3662 1226 3724 apparuit
1243 3661 1317 3709 etde
1334 3676 1365 3708 ea
1382 3661 1492 3710 sasaim·

296 3763 350 3795 rans
368 3747 411 3796 (lei
424 3745 512 3806 filiam
529 3747 665 3795 nuntiavit.
702 3746 742 3796 De
762 3748 876 3811 singuiis
896 3748 931 3796 cs.
949 3748 1003 3809 ipse
1019 3747 1110 3809 procul
1127 3747 1202 3796 datia
1221 3751 1284 3796 esset
1303 3747 1343 3795 aeri
1361 3748 1432 3810 airyo
1449 3747 1492 3797 de·

295 3833 413 3896 sponsari
429 3833 538 3890 deteret
559 3833 593 3881 sd
612 3832 688 3892 VIII,
708 3835 731 3883 1.
767 3834 950 3883 Memorabilis
968 3834 997 3882 in
1015 3833 1103 3882 medis
1122 3834 1251 3883 historiae
1270 3835 1337 3883 serie
1356 3835 1430 3882 loeus
1449 3835 1493 3883 bia

297 3924 339 3969 eet
362 3919 411 3968 Ait
433 3919 601 3984 Hieronymus
623 3921 650 3968 in
674 3921 783 3984 quadam
805 3920 914 3983 epistola
939 3921 973 3969 ad
996 3920 1165 3969 chromatium
1187 3924 1212 3969 et
1236 3918 1404 3969 Heliodorum
1427 3921 1493 3983 qnod

297 4004 371 4052 heato
387 4003 459 4066 airya
477 4005 542 4052 Mne
558 4005 672 4069 reyulam
690 4004 739 4052 sihi
756 4009 884 4053 statuerat
902 4008 931 4053 st
948 4020 965 4052 a
982 4020 1055 4052 mane
1072 4021 1149 4068 usqae
1166 4005 1201 4052 ad
1219 4005 1321 4053 tertiam
1336 4003 1493 4053 orationihus

297 4087 436 4144 insisteret,
459 4102 477 4134 a
498 4089 577 4137 tertia
599 4103 675 4151 usqne
697 4087 732 4134 aa
752 4102 843 4136 nonam
861 4087 973 4136 textrino
992 4087 1064 4151 operi
1081 4091 1198 4142 anaaretr
1223 4102 1240 4134 a
1262 4102 1330 4135 nona
1347 4085 1379 4134 ah
1397 4086 1491 4136 oratia-

297 4173 369 4221 nites
390 4189 440 4222 non
460 4173 605 4231 recedebat,
629 4189 754 4237 quousque
772 4172 877 4236 anyelns
895 4189 1024 4238 apparens
1040 4172 1089 4221 sihi
1106 4189 1188 4221 eseam
1205 4173 1287 4220 claret.
1324 4171 1398 4221 Haeo
1421 4170 1491 4220 enim

297 4274 351 4309 non
374 4260 401 4309 in
421 4259 577 4325 Hieronymi
602 4261 719 4325 epistola
742 4261 869 4326 leguntur
887 4261 934 4310 sed
954 4261 981 4309 in
1001 4276 1032 4309 eo
1051 4259 1123 4330 quoti
1141 4259 1219 4309 nobis
1238 4263 1280 4309 eet
1298 4257 1491 4308 Pseudo-Mat·

298 4343 371 4396 thaat
390 4345 529 4412 evengelio
548 4361 606 4411 esp.
619 4345 664 4406 v1,
678 4348 702 4397 2.
734 4345 883 4412 Vestigium
904 4350 946 4396 est
964 4346 1014 4396 hoc
1033 4344 1194 4410 sntiquioris
1212 4345 1298 4395 ismae
1318 4344 1395 4394 buius
1414 4359 1491 4394 ausu·

298 4429 371 4496 getii.
406 4430 547 4483 Praetores
569 4432 650 4483 etism
675 4448 733 4483 aum
758 4433 857 4483 notitia
877 4433 909 4482 de
928 4432 1052 4497 cognatis
1070 4431 1146 4482 Iesus
1164 4448 1179 4482 a
1198 4431 1276 4481 nobie
1294 4431 1430 4496 pag.104.
1450 4445 1491 4481 ex·

298 4518 385 4570 hibita
408 4535 475 4585 quse
498 4522 672 4571 coniterentur
696 4521 775 4571 offert
799 4519 868 4571 idem
893 4519 961 4570 illud
980 4519 1122 4585 bagaudae
1145 4533 1240 4570 aureae
1262 4522 1350 4582 eaput.
1386 4515 1428 4568 Ct-
1448 4515 1490 4568 ed.

299 4606 410 4659 Graesse
434 4624 494 4674 pag.
513 4611 572 4660 686.
