3458 5640
296 571 359 655 206
381 570 613 643 svaudunum
630 568 1027 633 murmurmurmur.
1046 570 1153 621 XLVII.
1171 570 1293 639 xlvlu,
1312 571 1405 623 xtlx.

747 768 868 836 Oneur
889 768 1042 836 XLVII.

383 923 466 992 Alio
491 931 645 1010 tempore
672 945 748 991 eum
772 926 907 1010 uesperi
933 924 1092 991 dominus
1115 923 1216 1011 Iesus
1242 944 1319 1011 cum
1340 923 1492 1012 Iosepho

300 1031 438 1114 domum
468 1036 716 1113 reverteretur,
748 1029 883 1097 obviarn
914 1031 1038 1097 habuit
1066 1051 1225 1117 puerum,
1257 1031 1317 1117 qui
1348 1051 1492 1116 currens

300 1137 411 1223 ipsum
426 1144 496 1202 tam
511 1136 735 1219 vehementer
750 1135 889 1221 impulit
903 1141 942 1202 ut
953 1135 1104 1205 caderet.
1128 1133 1194 1202 Oui
1205 1127 1364 1223 dominus
1374 1135 1491 1203 Iesus:

301 1238 599 1326 Quemadmodum
623 1262 677 1307 me
697 1240 894 1326 proiecisti,
921 1243 972 1308 ita
994 1241 1096 1308 cades
1117 1261 1230 1327 neque
1251 1261 1382 1329 surges.
1425 1240 1496 1307 Ila·

301 1344 447 1428 demque
464 1343 550 1409 hora
566 1342 701 1409 corruit
715 1363 802 1428 puer
818 1349 853 1408 et
868 1344 1064 1428 exspiravit.

738 1561 858 1631 Orrur
881 1564 1053 1633 XLVIII.

385 1721 473 1786 Erat
495 1739 598 1804 porro
619 1718 884 1807 Hierosolymoe
906 1721 1047 1806 quidam
1067 1721 1250 1788 Zachaeus
1275 1725 1412 1790 nomino
1433 1725 1493 1809 qui

299 1845 426 1912 pueros
448 1822 640 1907 erudiebat.
673 1821 775 1889 Dixit
793 1824 823 1890 is
844 1820 1009 1910 Iosepho:
1042 1825 1175 1910 Quare,
1198 1847 1217 1892 o
1238 1825 1401 1912 Iosephe,
1424 1849 1494 1894 non

301 1927 446 1994 adducis
463 1926 507 1992 ad
523 1946 576 1992 me
593 1925 711 2008 Iesum
727 1933 766 1992 ut
781 1927 916 1994 litteras
934 1928 1070 1996 discat?
1093 1927 1233 1995 Annuit
1248 1929 1301 1995 illi
1314 1930 1495 2017 Iosephus,

302 2036 338 2095 et
357 2029 400 2094 ad
416 2027 535 2113 heram
549 2027 697 2114 Mariam
714 2029 779 2109 hoc
795 2032 926 2097 retulit.
958 2031 1016 2116 Ad
1033 2034 1235 2117 magistrum
1258 2034 1377 2117 itaque
1398 2033 1496 2098 illum

302 2129 536 2211 deduxerunt;
558 2133 617 2213 qui
639 2131 847 2218 simulatque
872 2154 951 2198 eum
972 2135 1165 2218 conspexit,
1187 2134 1410 2218 alphabetum
1430 2135 1497 2218 ipsi

302 2233 510 2317 conscripsit
534 2237 570 2298 et
594 2239 633 2298 ιιι
651 2231 768 2318 ΑΙθριι
788 2235 921 2300 diceret
943 2237 1130 2320 praecepit.
1174 2234 1223 2300 Et
1248 2256 1325 2301 cum
1351 2237 1498 2301 dixisset

300 2331 431 2419 Aleph,
455 2335 622 2419 magister
643 2357 720 2401 eum
736 2335 827 2402 Beth
847 2337 1077 2421 pronunciare
1099 2338 1212 2402 iussit.
1248 2334 1314 2402 Oui
1336 2337 1497 2402 dominus

301 2437 418 2504 Iesus:
448 2437 517 2503 Dic
534 2438 618 2504 mihi
637 2440 734 2524 prius
751 2440 1040 2525 significationem
1061 2440 1199 2506 litterae
1216 2438 1347 2527 Aleph,
1371 2447 1407 2506 et
1424 2447 1497 2506 tum

301 2541 394 2609 Beth
404 2542 652 2629 pronunciabo.
678 2541 834 2630 Cumque
845 2545 1011 2632 magister
1019 2545 1164 2612 uerbera
1178 2545 1210 2612 oi
1225 2545 1425 2630 intentaret,
1444 2567 1498 2612 ox-

301 2649 420 2735 posuit
440 2648 494 2714 illi
513 2649 674 2716 dominus
690 2649 791 2718 Iesus
813 2652 1087 2737 significationes
1108 2651 1303 2718 lilterarum
1324 2650 1440 2737 Aleph
1463 2658 1499 2717 et

299 2753 407 2834 Beth3
432 2754 515 2819 item
536 2773 705 2837 quaenam
728 2754 923 2823 litterarum
943 2755 1074 2840 figurae
1099 2762 1217 2822 essent
1236 2761 1368 2838 reatae,
1393 2776 1496 2840 quae-

301 2878 380 2923 nam
396 2858 558 2939 intortae,
579 2877 749 2940 quaenam
765 2858 801 2922 in
818 2859 945 2943 spiram
962 2858 1229 2941 circumductae,
1251 2879 1339 2942 quae
1355 2859 1497 2943 punctis

300 2960 507 3043 insignitae,
539 2978 627 3043 quae
654 2959 784 3026 eisdem
810 2968 983 3042 carentes;
1014 2982 1121 3045 quare
1151 2961 1221 3026 alia
1245 2961 1364 3027 littera
1392 2962 1496 3027 aliam

300 3063 539 3151 praecederet,
571 3061 709 3146 aliaque
740 3064 888 3148 plurima
918 3086 1081 3131 enarrare
1107 3067 1222 3149 coepit
1252 3072 1287 3130 et
1317 3064 1494 3130 elucidare

303 3187 392 3253 quae
414 3167 581 3249 magister
600 3167 673 3250 ipse
696 3187 760 3233 nec
781 3167 961 3234 audiverat
981 3190 1134 3252 unquam
1157 3189 1221 3234 nec
1246 3168 1282 3232 in
1308 3168 1398 3234 libro
1424 3168 1496 3233 ullo

302 3272 446 3356 legerat.
490 3270 590 3337 Dixit
613 3292 714 3356 porro
740 3273 904 3356 magistro
931 3273 1091 3340 dominus
1116 3273 1232 3339 Iesus:
1278 3271 1434 3338 Atteude
1461 3279 1500 3337 ut

304 3375 416 3440 dicam
432 3375 508 3440 tibi.
534 3372 727 3461 Coepitque
744 3376 836 3443 clare
854 3383 889 3443 et
905 3377 1068 3444 distincte
1085 3379 1234 3444 recitare
1250 3375 1378 3462 Aleph,
1394 3376 1496 3458 Beth,

304 3475 430 3560 Gimel‚
446 3478 585 3561 Daleth‚
603 3500 713 3564 usque
730 3480 774 3546 ad
790 3479 875 3545 Tau.
908 3479 1010 3564 Quod
1026 3482 1171 3547 miratus
1188 3482 1363 3564 magister,
1380 3479 1496 3561 Hune,

303 3581 434 3665 inquit,
456 3601 601 3665 puerum
623 3588 703 3648 ante
718 3581 900 3649 Noachum
923 3589 1041 3649 natum
1063 3605 1138 3650 esse
1163 3584 1337 3664 existim03
1359 3603 1498 3648 conver-

304 3704 432 3770 susque
450 3685 493 3751 ad
503 3684 700 3770 Iosephum,
716 3684 906 3753 Adduxisti
917 3688 1012 3770 mihi,
1030 3689 1088 3770 ait,
1107 3689 1335 3754 erudiendum
1352 3707 1497 3772 puerum

304 3789 479 3874 magistris
505 3789 664 3856 omnibus
690 3789 889 3857 doctiorem.
928 3790 1046 3857 Herae
1072 3813 1210 3877 quoque
1235 3792 1369 3878 Mariae
1395 3791 1496 3856 dixit:

304 3890 397 3959 Filio
414 3892 496 3957 huic
511 3898 571 3959 tuo
588 3892 685 3958 nulla
700 3895 920 3960 institutione
938 3915 1023 3978 opus
1041 3900 1103 3960 est.

761 4113 881 4179 Onnur
902 4114 1039 4179 XLIX.

389 4263 447 4329 Ad
470 4265 575 4330 alium
592 4265 718 4330 deinde
738 4268 940 4350 magistrum
958 4266 1148 4332 doctiorem
1171 4288 1247 4332 eum
1265 4267 1497 4332 deduxerunt:

306 4367 364 4450 qui
387 4373 426 4449 ut
448 4388 526 4433 eum
548 4368 742 4469 conspexit,
764 4368 833 4435 Dic
854 4368 986 4454 Aleph,
1008 4370 1134 4453 inquit.
1174 4367 1330 4454 Cumque
1352 4370 1500 4436 dixisset

374 4544 496 4594 XLVIII.
516 4548 628 4595 intortae
641 4571 649 4582 ·
663 4572 671 4582 ·
690 4547 717 4595 ia
729 4547 824 4612 spiram
837 4547 1036 4598 circumductae:
1054 4549 1092 4598 ito
1105 4547 1144 4598 rr.
1168 4547 1246 4612 Apud
1259 4547 1314 4599 Sil.
1329 4555 1371 4598 est
1383 4547 1501 4612 obliquae

306 4657 313 4668 ·
327 4657 336 4668 ·
349 4631 498 4699 duplicatae

374 4718 496 4783 usquead
510 4717 579 4789 Por:
592 4719 631 4769 ita
643 4719 684 4783 ΕΙ.
709 4719 786 4786 Apud
800 4720 902 4772 Silium
915 4726 958 4772 est
970 4737 1047 4786 arque
1059 4722 1177 4788 adfiqem
1190 4720 1320 4787 alphabeti
