3458 5640
681 566 790 616 essm
809 565 934 617 rmum.
959 567 1029 617 xvi.
1396 570 1459 633 385

261 718 420 783 miserunt
448 725 516 781 tres
539 715 625 780 viros
648 714 682 779 in
706 713 895 782 Galilaeam
917 720 963 781 et:
994 715 1136 797 Flumen,
1163 696 1332 801 inquiunt,
1361 717 1461 786 dicite

262 821 354 888 rabbi
376 819 496 885 Addae
529 826 563 885 et
592 817 687 884 rabbi
714 817 836 883 Finees
868 824 902 885 et
933 819 1028 885 rabbi
1056 820 1176 903 Egiae:
1207 821 1280 886 Pax
1308 823 1399 890 vobis
1428 829 1461 889 et

263 924 387 989 vestris,
431 921 672 1006 Inquisitiones
695 921 819 985 multae
842 919 952 987 sactae
976 928 1054 986 sunt
1079 922 1113 986 in
1140 922 1278 989 concilio
1306 924 1346 990 de
1368 925 1460 990 Iesu:

262 1026 334 1091 ideo
362 1024 478 1090 directi
510 1046 624 1090 sumus
656 1023 697 1089 ad
726 1023 909 1089 vocandum
937 1046 995 1091 vos
1026 1025 1060 1089 in
1092 1031 1243 1091 sanctum
1273 1027 1395 1109 locum,
1427 1029 1461 1094 in

262 1126 453 1193 ierusalem.

346 1239 494 1305 Profecti
522 1243 601 1303 sunt
622 1237 684 1302 viri
706 1237 740 1302 iu
764 1236 967 1319 Galilaeam‚
996 1244 1030 1303 et
1051 1239 1247 1305 invenerunt
1270 1261 1324 1306 ees
1348 1241 1461 1306 seden-

262 1348 311 1406 tes
344 1348 378 1406 et
409 1340 609 1405 meditantes
639 1337 754 1422 legem.
797 1339 845 1404 Et
876 1338 1104 1405 salutaverunt
1135 1362 1190 1406 eos
1218 1341 1252 1405 in
1280 1363 1371 1424 pace.
1414 1343 1463 1408 Et

262 1445 429 1511 dixerunt:
453 1443 521 1510 Cur
536 1441 694 1508 venistis?
725 1442 893 1507 Dixerunt
912 1441 1028 1525 legati:
1052 1442 1185 1510 Clamat
1207 1466 1264 1510 vos
1287 1445 1461 1511 concilium

263 1552 295 1615 in
335 1555 484 1615 sanctam
522 1548 690 1613 civitatem
721 1546 914 1613 Ierusalem.
967 1547 1152 1615 Aridientes
1183 1572 1259 1616 vero
1291 1551 1352 1616 viri
1384 1553 1463 1636 quia

263 1661 469 1738 quaeruntur
498 1676 519 1717 a
545 1652 697 1733 concilio,
729 1658 906 1717 oraverunt
935 1651 1044 1734 (icum,
1077 1659 1110 1718 ct
1139 1655 1361 1721 recubuerunt
1388 1679 1463 1723 cum

262 1757 342 1821 viris
366 1762 399 1821 et
422 1754 704 1821 manducaverunt
727 1760 760 1819 et
782 1753 937 1820 biberunt
959 1776 1032 1819 cum
1060 1757 1117 1820 eis.
1161 1756 1263 1822 Mane
1291 1766 1464 1842 surgentes

264 1867 343 1925 sirnt
364 1858 503 1942 profecti
527 1856 710 1924 Ierusalem
733 1879 921 1940 cumpace.
973 1842 977 1859 '

349 1971 397 2036 Et
418 1971 452 2034 iu
475 1970 621 2035 erastino
645 1969 731 2034 sedit
753 1967 940 2049 concilium,
972 1976 1005 2033 et
1027 1969 1316 2053 interrogaverunt
1338 1992 1394 2036 eos
1417 1971 1464 2036 di·

264 2079 393 2139 centes:
424 2070 606 2136 Manifcste
629 2070 758 2134 vidistis
780 2069 894 2134 Iesum
923 2070 1090 2136 sedentem
1118 2070 1151 2136 in
1179 2079 1290 2137 mente
1313 2072 1466 2139 Mambre

265 2177 436 2244 docentem
459 2174 636 2258 discipulos
659 2195 735 2239 sues
759 2179 793 2240 et
815 2181 1020 2257 assumptum
1044 2175 1078 2240 in
1102 2175 1250 2242 coelum?

284 2460 291 2474 .
311 2427 383 2491 eqni
400 2424 589 2474 annunciarent
604 2423 676 2472 nobie
693 2423 759 2487 qnod
778 2423 897 2472 viderant
909 2424 991 2473 lecum
1006 2428 1160 2486 asumptum
1176 2425 1203 2475 in
1215 2425 1285 2475 cocto
1303 2460 1330 2476 ..
1349 2426 1411 2475 ch'
1424 2428 1467 2491 qni

264 2515 346 2563 dicer.
365 2515 446 2576 iprum
469 2528 495 2562 rc
518 2512 612 2561 cidisse
630 2511 804 2560 cremantem
822 2511 849 2559 in
867 2510 947 2559 celum
966 2544 972 2559 .
992 2544 998 2559 .
1017 2499 1079 2561 1)·δῦ
1098 2512 1141 2575 qni
1157 2512 1240 2562 dicer.
1259 2529 1285 2562 rc
1302 2529 1356 2562 cnm
1373 2513 1466 2564 cidicrc

264 2597 403 2660 loqueram
422 2585 469 2658 (Db
487 2594 542 2657 om)
562 2609 616 2642 cnm
633 2593 770 2658 discipulis
787 2594 841 2643 anic
858 2594 885 2642 in
903 2598 985 2643 mente
1001 2593 1090 2643 oliveti
1105 2593 1109 2656 Ι
1124 2595 1164 2644 Et
1180 2595 1301 2658 compleo.
1320 2595 1366 2658 (Ac
1379 2596 1465 2660 plac.)

263 2696 296 2729 ne.
316 2681 357 2728 int.
378 2682 406 2741 (Β
425 2695 467 2727 om
486 2695 520 2728 ce.
540 2678 594 2739 ici.)
614 2677 703 2726 omnib.
723 2676 751 2740 (c
769 2677 822 2727 cdd
840 2677 872 2725 ric
890 2675 1008 2739 concilio)
1028 2668 1140 2728 ..1³⁸bo
1159 2677 1220 2728 edP‘
1239 2696 1281 2728 om
1305 2679 1309 2740 Ι
1336 2680 1404 2729 stne
1420 2682 1465 2730 nni·

262 2769 349 2815 rerunt
368 2769 401 2813 tr.
415 2766 447 2815 ni.
461 2766 487 2813 in
509 2763 569 2813 Gal.
582 2768 607 2812 et
626 2761 705 2823 (hacc
725 2763 814 2812 omnin
832 2776 849 2813 Δ
867 2762 922 2825 om)
941 2764 1048 2822 Enntcn,
1067 2765 1184 2829 inquiunt
1203 2765 1231 2826 (u
1249 2766 1349 2817 Enntec
1367 2768 1417 2831 inq.
1430 2772 1464 2825 et,

263 2851 313 2914 nic)
327 2851 414 2899 Dicite
427 2851 455 2912 (c
468 2850 522 2898 sic:
541 2849 702 2898 Direxernnt
719 2864 779 2912 creo
797 2848 866 2897 viror
884 2853 917 2898 tr.
933 2865 984 2912 pro
1001 2849 1050 2907 eia·
1069 2850 1158 2915 quibui
1175 2852 1350 2901 commiserant
1365 2851 1463 2915 Dicite)

263 2955 303 2988 rc.
316 2936 409 2986 Adclce
427 2936 456 2999 (n
476 2936 580 2994 nudas,
599 2948 615 2987 c
634 2933 731 2998 Adam)
750 2965 760 2975 ·
777 2931 861 2999 Eqicc
880 2933 926 2996 (nc
944 2933 1024 3000 Ena)
1044 2951 1102 2985 cum
1120 2949 1173 2989 nnc
1192 2970 1218 2985 .·
1237 2926 1300 2988 1)·Ιό
1318 2937 1380 2988 edl'f
1398 2939 1465 2990 bncc

263 3040 316 3074 uun
341 3040 399 3074 cum
423 3039 497 3087 seqq.
516 3022 640 3086 pluribus
663 3038 714 3072 om.
750 3020 796 3070 Illi
816 3021 887 3070 euim
906 3023 1013 3086 pontin
1029 3026 1112 3072 monte
1130 3022 1218 3073 oliveti
1235 3024 1328 3074 stetim
1348 3031 1466 3092 pergunt

264 3115 322 3164 Hoc
338 3114 416 3178 fecto
440 3113 665 3176 interrogaverunt
688 3128 731 3161 con
748 3127 812 3176 quac
834 3111 964 3161 cfflbrcnt.
1004 3110 1054 3174 Qui
1077 3114 1256 3176 rcnpmrdcntec
1278 3131 1327 3164 nno
1345 3130 1389 3164 cre
1407 3120 1465 3174 etc;

265 3201 333 3250 Item
354 3198 416 3249 edpr
437 3199 505 3249 Tunc
517 3201 595 3248 Anna
613 3203 639 3248 ct
658 3197 773 3262 ecypnac
790 3196 910 3246 dicerunt
928 3197 983 3247 Lex
1001 3202 1090 3248 nemra
1108 3199 1219 3249 continet
1237 3204 1289 3249 etc.
1326 3197 1390 3250 Cum
1410 3201 1466 3251 iuis

265 3286 333 3335 iacit
352 3285 433 3334 etiem
452 3283 514 3334 edl’r
532 3299 613 3350 germ.
629 3281 634 3346 Ι
653 3283 712 3332 Pac
731 3299 767 3330 ro.
785 3286 810 3331 et
828 3297 864 3330 cc.
884 3282 1355 3345 cume..rr1’accotic(rcdd
1375 3283 1440 3348 cern)
1460 3283 1464 3349 Ι

264 3370 368 3418 delean
386 3381 491 3420 eumne
510 3402 539 3418 ..
560 3384 577 3419 u
595 3368 626 3417 dc
644 3367 712 3417 cebir
727 3367 732 3429 Ι
747 3367 810 3416 Ideo
829 3366 855 3427 (c
871 3367 1023 3431 propterca)
1043 3404 1072 3417 ..
1092 3383 1110 3420 u
1128 3384 1170 3418 om
1186 3367 1190 3431 Ι
1205 3369 1299 3418 directi
1318 3403 1348 3418 ..
1368 3370 1468 3421 ciniani

265 3453 338 3515 (vide
358 3451 392 3501 nd
411 3468 506 3516 grneen
525 3467 585 3516 pag.
599 3451 669 3513 258.)
685 3451 691 3513 Ι
705 3451 740 3499 ad
758 3451 898 3500 nocendum
916 3466 960 3500 coc
978 3465 1036 3500 cum
1055 3466 1072 3504 Δ
1091 3487 1097 3500 .
1115 3487 1121 3500 .
1140 3465 1175 3505 Bc
1192 3453 1227 3501 ed
1247 3469 1289 3502 ror
1307 3454 1468 3503 &vocandos

265 3539 293 3601 (n
312 3540 366 3601 om)
390 3544 418 3588 nt
441 3541 551 3589 venare
577 3539 582 3600 Ι
609 3539 635 3586 in
657 3543 739 3588 sanct.
761 3538 842 3587 locun
865 3539 891 3587 in
910 3553 969 3587 eum
987 3549 1018 3598 Β,
1040 3539 1105 3588 item
1125 3554 1142 3592 Α
1160 3541 1187 3588 in
1205 3538 1321 3589 'sanctam
1339 3541 1468 3591 civitatem

265 3661 295 3674 ..
318 3625 381 3674 Cin

351 3713 468 3777 Profhcti
490 3711 518 3774 (c
536 3711 590 3762 cdd
607 3709 699 3776 iqitnr)
718 3740 727 3750 ·
746 3715 771 3760 et
789 3711 938 3760 invenerunt
956 3726 1015 3760 cum
1034 3724 1068 3762 Ac
1087 3745 1094 3757 ·
1114 3744 1120 3757 ·
1140 3723 1157 3761 B
1182 3711 1276 3777 licenti
1298 3713 1425 3762 venientes
1441 3713 1468 3761 in

267 3796 415 3847 Gulibceam
434 3799 544 3846 inccner.
571 3795 575 3860 Ι
600 3812 642 3845 ccc
661 3830 690 3845 ..
711 3809 727 3846 c
746 3795 806 3844 iiior
824 3799 877 3844 trcr
895 3795 964 3844 ciros
981 3795 1063 3844 irritor
1079 3795 1118 3844 Iit
1135 3795 1247 3847 caietae.
1266 3796 1294 3860 (Δ
1313 3797 1468 3861 salutantes)

264 3903 305 3936 coc
323 3887 349 3934 in
366 3902 410 3948 pa.
448 3881 485 3933 Ec
503 3883 531 3946 (n
550 3884 603 3947 om)
621 3885 673 3933 dic.
689 3883 739 3932 Cer
757 3884 877 3933 venatici
895 3884 959 3933 Dic.
977 3883 1026 3946 icy.
1043 3881 1143 3932 Glanum
1161 3883 1191 3946 (Α
1209 3900 1257 3948 pro
1278 3885 1329 3933 Cur
1348 3889 1392 3934 etc
1411 3887 1465 3935 nic:

264 3974 299 4022 cd
317 3988 360 4022 coc
378 3973 420 4036 qni
437 3974 559 4020 venerant
577 3987 608 4020 ec
628 3975 708 4033 peric
732 3971 837 4020 concilii
856 3969 968 4031 Clamat)
988 4000 997 4009 ·
1016 3970 1062 4018 civ.
1081 3969 1163 4018 Iertes.
1186 4005 1192 4020 .
1215 4006 1221 4019 .
1242 3984 1257 4022 c
1276 3971 1465 4035 quibusdem.

265 4059 341 4108 rerba
359 4057 450 4106 eisdem
468 4072 485 4104 n
499 4055 661 4119 principibus
678 4056 816 4104 contunsa.
832 4052 837 4115 Ι
853 4055 995 4104 Arniicntcc
1012 4083 1021 4093 ·
1040 4070 1094 4102 curn
1111 4055 1175 4103 ciria
1193 4053 1221 4115 (Α
1240 4055 1320 4116 illic),
1339 4060 1365 4104 ct
1381 4055 1466 4104 mend.

265 4151 289 4194 ei
308 4145 355 4193 bib.
375 4160 428 4192 enni
446 4142 590 4203 cic(130m
616 4147 640 4190 ct
658 4143 743 4190 ariarici.
764 4158 822 4205 rreq.
841 4140 897 4203 cic).
933 4141 1241 4205 Mancrnryentcrsprc
1261 4142 1469 4205 niciensem

262 4231 333 4295 pros.
354 4228 383 4290 (u
398 4230 471 4294 pros.
488 4244 527 4277 cn.
546 4244 600 4277 curn
618 4229 656 4277 eir
673 4227 711 4290 in)
731 4227 784 4276 Ier.
804 4242 859 4276 cnm
873 4243 939 4292 pecc
957 4242 1016 4277 cum
1035 4237 1070 4278 ΑΒ
1090 4261 1120 4276 ..
1140 4239 1155 4278 c
1174 4226 1225 4275 riri
1242 4242 1301 4292 erqo
1320 4226 1363 4277 illi
1380 4228 1468 4277 audito

263 4321 400 4382 praecepto
417 4316 561 4382 principum
580 4315 734 4366 Indaeorum
751 4316 839 4364 atatim
857 4319 977 4365 venerunt
995 4315 1021 4364 in
1039 4314 1093 4363 ler.

351 4412 390 4461 Et
407 4411 436 4473 (n
455 4410 508 4475 om)
526 4412 554 4460 in
572 4411 685 4461 crastino
705 4410 734 4473 (Δ
747 4407 861 4474 utinum)
879 4410 946 4459 redit
963 4408 991 4475 (n
1008 4409 1107 4460 cenred.
1122 4425 1190 4459 conc.
1204 4414 1231 4459 ct
1248 4409 1470 4474 interroqcnernnt

268 4500 295 4564 (u
314 4501 371 4566 cit)
389 4518 431 4552 cor
448 4502 561 4551 dicenter
578 4500 607 4564 (n
626 4498 723 4563 dicens)
748 4531 757 4541 ·
784 4500 833 4550 Icn.
854 4501 907 4551 ned.
928 4500 1007 4564 (haec
1030 4515 1046 4553 Λ
1067 4498 1120 4562 om)
1139 4530 1148 4540 -
1167 4499 1222 4550 doc.
1241 4499 1304 4550 dire.
1322 4516 1359 4549 cn.
1379 4498 1408 4564 (u
1426 4514 1468 4550 om

267 4591 308 4640 dc.
321 4590 346 4641 d.
359 4588 407 4654 nu.)
426 4594 450 4639 et
469 4589 496 4652 (u
516 4587 611 4652 lesem)
630 4593 750 4653 maman.
768 4587 796 4649 (Δ
816 4587 1001 4650 accendentem)
1020 4589 1047 4637 in
1066 4587 1129 4638 rect.
1144 4601 1202 4638 cum
1221 4599 1255 4640 Bu
1275 4621 1305 4637 ··
1326 4599 1341 4639 c
1360 4603 1406 4651 pro
1425 4587 1469 4637 hir

269 4686 297 4729 et
316 4694 390 4744 seqq.
403 4679 454 4728 sic:
469 4678 603 4743 principer
621 4693 679 4728 rere
697 4678 856 4728 saeuorum
868 4677 1010 4728 diviserunt
1028 4691 1070 4726 eor
1082 4674 1214 4741 quemlibet
1228 4691 1278 4741 per
1296 4691 1331 4733 cc,
1349 4679 1374 4724 et
1392 4675 1469 4725 inter·

321 4778 708 4830 nvmgapocr.cunemannus.
732 4779 812 4819 nun.
1223 4763 1255 4812 25
