3458 5640
710 617 982 671 nuonusounus.
1307 641 1448 688 mm

263 775 322 842 1103
352 765 373 829 i.
390 786 417 830 8.
440 768 568 831 textum
591 767 652 833 sub
677 766 809 832 nomine
831 766 1017 853 Hegesippi
1043 769 1168 836 editum
1190 771 1225 837 in
1247 772 1446 858 Anacepha·

351 878 455 945 lacosi
478 879 620 948 librisV
643 881 682 947 de
706 879 834 947 excidio
856 880 1024 950 Hierosol.
1046 883 1206 968 subiecta,
1229 885 1445 955 Oolon.1530.

350 994 472 1061 10166.
496 1016 601 1061 verso.

259 1128 329 1178 ehu
351 1116 372 1180 i.
388 1137 415 1181 8.
431 1120 557 1181 textum
575 1115 780 1182 Obassanaci
794 1117 830 1182 in
844 1122 940 1200 parte
954 1117 1017 1184 IV.
1033 1119 1175 1203 catalogi
1189 1120 1316 1204 gloriae
1331 1122 1446 1187 mundi

352 1227 485 1308 editum,
502 1227 619 1297 Venet.
637 1229 728 1293 1611.
752 1226 865 1311 (Quod
881 1249 964 1311 opus
979 1250 1078 1313 saepe
1093 1230 1272 1312 repetitum
1289 1237 1362 1314 est.)
1396 1232 1445 1299 cf.

351 1337 484 1402 Fabric.
507 1336 587 1403 Ood.
610 1359 720 1421 apocr.
742 1337 811 1419 ΙΠ,
833 1359 863 1420 p.
879 1342 951 1404 419.
985 1348 988 1352 ’

274 1467 320 1517 six
351 1457 372 1520 i.
388 1478 415 1522 e.
430 1435 594 1522 textum'a
611 1455 705 1524 Sixto
722 1455 861 1524 Senensi
879 1460 970 1523 1566.
992 1460 1027 1523 in
1042 1459 1118 1525 bibl.
1134 1464 1269 1526 sanctae
1290 1460 1375 1527 libro
1392 1461 1443 1526 H.

352 1574 452 1654 atque
474 1576 574 1635 antea
591 1569 707 1635 iamin
725 1569 970 1656 Orthodoxogr.
993 1570 1136 1638 Heroldi
1154 1574 1244 1639 1555.
1265 1573 1444 1659 vulgatum.

256 1703 330 1753 nare
353 1691 374 1756 i.
390 1712 417 1757 e.
440 1695 568 1758 textum
591 1692 705 1776 quiin
728 1692 1030 1759 Pseudo-Marcelli
1052 1692 1139 1759 libro
1162 1691 1371 1762 demirificis
1393 1718 1443 1762 re·

351 1805 412 1869 bus
436 1811 470 1871 81
492 1806 619 1872 actibus
639 1807 727 1873 Petri
752 1810 785 1871 81
799 1807 896 1873 Pauli
919 1812 979 1872 etc.
1002 1829 1022 1872 8
1041 1807 1249 1874 Florentinio
1269 1811 1359 1875 1668.
1376 1809 1443 1875 edi-

351 1921 406 1981 tus
438 1923 503 1984 est:
542 1918 628 2001 quod
661 1940 743 2002 opus
774 1920 909 2002 repetiit
934 1919 1113 1985 Fabricius
1142 1918 1221 1987 (lod.
1244 1911 1353 2003 apecrss
1375 1921 1443 1987 ΠΙ.

351 2050 382 2112 p.
405 2031 467 2094 632
491 2051 562 2113 sqq.
607 2029 656 2095 of.
680 2030 780 2095 etiam
804 2030 885 2096 Cod.
907 2051 1018 2113 apocr.
1041 2029 1070 2098 Ι.
1092 2052 1123 2114 p.
1138 2033 1201 2096 298
1224 2052 1272 2114 sq.

264 2159 320 2211 (tue
352 2152 371 2214 i.
395 2171 420 2215 8.
444 2148 743 2234 Guelferbytanum
772 2149 918 2216 codicem
946 2151 1040 2216 cuius
1067 2155 1193 2216 textum
1215 2150 1315 2218 Thilo
1339 2151 1442 2218 edidit

354 2262 443 2326 1831.
465 2262 499 2326 in
523 2268 586 2327 act.
603 2262 696 2328 Petri
720 2267 753 2328 et
774 2263 873 2328 Pauli
895 2268 989 2346 parte
1013 2261 1040 2328 Ι.
1062 2285 1093 2346 p.
1109 2266 1150 2329 26
1174 2285 1222 2346 sq.

330 2380 477 2446 Graecus
505 2383 603 2447 buius
633 2383 793 2465 epistolae
820 2388 930 2449 textus
953 2384 981 2448 is
1005 2389 1056 2448 881
1079 2404 1175 2467 quem
1197 2386 1384 2467 nuperrime
1407 2385 1440 2449 in

243 2493 324 2557 actis
345 2493 439 2558 Petri
462 2499 496 2559 81
518 2494 616 2560 Pauli
640 2495 787 2561 sectione
803 2498 853 2560 40.
876 2493 1046 2560 edidimus.
1091 2494 1140 2560 Of.
1158 2494 1248 2560 Acta
1271 2516 1345 2579 app.
1361 2517 1439 2579 apo·

241 2605 353 2689 cryph.
375 2627 406 2689 p.
425 2608 463 2670 16
487 2627 558 2689 sqq.

327 2727 480 2810 Denique
504 2727 737 2793 Descensus
761 2727 917 2794 Christi
940 2728 987 2792 ad
1009 2728 1164 2794 inferos
1185 2727 1360 2794 latineB
1382 2751 1438 2813 pe-

240 2839 321 2904 titus
343 2844 395 2904 est
417 2861 457 2904 ex
480 2836 647 2904 codicibus
669 2839 791 2906 tribus:
823 2861 845 2906 a
867 2839 887 2905 i.
904 2862 935 2906 8.
950 2839 1124 2924 Vaticano,
1147 2860 1168 2906 8
1191 2839 1211 2905 i.
1227 2859 1257 2905 8.·
1274 2838 1438 2910 Vaticano

240 2953 342 3033 4363,
366 2971 384 3016 0
406 2952 427 3016 i.
443 2973 469 3016 8.
485 2951 616 3020 Veneto
637 2951 838 3019 Marciano.¹
858 2951 950 3037 Quos
974 2950 1105 3018 eosdem
1128 2952 1194 3018 iam
1214 2952 1438 3019 recensuimus

241 3064 282 3130 ad
306 3064 398 3132 Gest.
415 3063 526 3129 Pilati.

466 3299 545 3369 XV.
589 3298 826 3366 EPISTOLA
848 3296 1015 3365 PONTII
1037 3297 1211 3364 PILATI.

325 3444 420 3509 Haec
449 3445 554 3509 altera
584 3449 635 3508 881
662 3443 765 3509 Pilati
798 3444 953 3525 epistola,
986 3464 1070 3526 quae
1098 3450 1132 3507 et
1158 3443 1231 3526 ipsa
1254 3443 1375 3508 dudum
1398 3466 1437 3509 ac

241 3575 347 3636 saepe,
370 3555 433 3617 etsi
456 3574 520 3618 non
545 3554 645 3618 toties
669 3575 768 3636 quam
791 3553 883 3636 prior
905 3553 990 3635 (vide
1013 3553 1124 3636 paullo
1148 3558 1245 3637 ante),
1268 3554 1357 3618 edita
1379 3561 1437 3620 est.

238 3663 325 3733 Vide
347 3664 480 3729 Fabric.
504 3663 582 3730 Ood.
606 3685 716 3747 apocr.
739 3663 767 3728 Ι.
790 3686 820 3748 p.
839 3667 901 3729 300
925 3687 997 3748 sqq.
1019 3663 1088 3730 ΠΙ.
1111 3687 1142 3748 p.
1158 3667 1221 3729 419
1245 3687 1315 3749 sqq.
1352 3666 1446 3732 Thil:

239 3776 319 3845 Ood.
336 3797 444 3860 apocr.
464 3798 493 3860 p.
509 3779 581 3842 801.
620 3776 761 3841 Textum
785 3778 1018 3842 const'tuimus
1041 3799 1080 3843 ex
1104 3776 1279 3844 collatione
1302 3779 1436 3844 testium

238 3896 387 3973 quatuor.

238 4020 307 4072 ehu
344 4011 365 4074 i.
381 4032 407 4074 8.
422 4016 533 4075 textus
557 4031 578 4074 a
593 4009 802 4075 Chassanaeo
827 4009 935 4075 editus
957 4009 992 4074 in
1014 4015 1110 4094 parte
1124 4009 1186 4076 IV.
1204 4009 1346 4095 catalogi
1367 4010 1436 4094 glo·

343 4121 410 4187 riae
433 4121 555 4202 mundi,
579 4121 636 4204 qui
660 4123 801 4204 primum
825 4120 951 4204 prodiit
975 4122 1066 4185 1611.
1382 4187 1385 4191 ,

236 4255 299 4306 rior
343 4242 363 4307 i.
385 4264 410 4308 8.
432 4246 544 4307 textus
568 4264 588 4307 8
608 4241 817 4308 Florentinio
840 4242 948 4308 editus
970 4241 1004 4306 in
1027 4240 1246 4326 Martyrolog.
1269 4247 1331 4310 vet.
1352 4240 1433 4309 Hie·

343 4354 470 4438 ronymi
494 4376 524 4438 p.
543 4357 612 4420 113.
657 4355 757 4422 Hunc
780 4355 955 4421 Fabricius
977 4355 997 4419 l.
1012 4353 1032 4418 1.
1048 4355 1193 4439 repetiit.

236 4488 305 4539 nom
343 4476 410 4541 ie.
435 4499 531 4560 (prem
554 4475 683 4542 Abrah.
700 4476 891 4545 Gronovius
914 4499 932 4542 e
955 4478 1024 4542 cod.
1048 4476 1143 4542 Bodl.
1166 4498 1302 4559 operum
1325 4476 1432 4543 Taciti

343 4590 431 4655 eruit
453 4596 486 4655 et
508 4590 689 4673 publicavit
715 4590 748 4655 in
772 4591 981 4674 praefatione
1005 4611 1078 4674 opp.
1098 4589 1208 4655 Taciti
1231 4612 1252 4655 8
1273 4611 1307 4655 88
1329 4589 1430 4655 edito·

342 4724 415 4768 rum
440 4704 531 4766 1‘121.
1173 4716 1177 4727 ·
1485 4698 1488 4710 “
