3458 5640
273 601 349 646 m
738 578 1011 632 ruonnoounua

275 734 494 817 „quicumque
519 731 588 795 sine
611 750 712 795 uxore
736 732 812 794 est“.
849 728 899 793 At
920 729 983 794 hoo
1005 729 1178 812 posterius,
1201 729 1230 793 si
1245 749 1357 794 verum
1373 750 1473 811 quae-

275 845 332 925 ris,
354 843 512 908 maiorem
535 840 769 923 antiquitatem
791 841 880 922 sapit
903 840 1010 904 altera
1033 841 1205 922 scriptura,
1229 859 1296 923 qua
1316 842 1393 905 novi
1416 839 1474 905 ali-

277 955 356 1039 quid
389 975 462 1020 cum
493 954 655 1038 gravitate
688 950 829 1016 additur.
883 949 982 1036 Quod
1014 972 1051 1017 eo
1082 952 1156 1035 plus
1186 952 1343 1017 momenti
1374 949 1475 1017 habet

278 1067 434 1151 quoniam
458 1064 502 1130 ad
523 1062 836 1147 repraesentandam
863 1063 969 1145 ipsam
990 1062 1126 1146 Iosephi
1154 1083 1327 1146 personam
1354 1064 1474 1129 valuit:

276 1179 308 1244 is
336 1178 422 1245 enim
450 1174 652 1259 grandaevus
680 1173 812 1257 quidem
836 1172 973 1257 dicitur,
1004 1174 1062 1240 sed
1087 1174 1257 1258 ignoratur
1284 1175 1376 1258 prius
1404 1176 1475 1241 eius

278 1289 473 1373 coniugium,
496 1289 693 1371 ignorantur
708 1286 808 1350 etiam
822 1283 890 1350 filii.
919 1284 1029 1352 Multo
1047 1285 1082 1350 id
1105 1285 1199 1352 aliter
1221 1286 1259 1351 fit
1280 1289 1314 1352 in
1328 1287 1475 1353 Pseudo·

278 1400 452 1466 Matthoeo
484 1404 598 1464 nostro
621 1396 729 1479 VIII,
751 1399 789 1479 4,
821 1403 938 1462 contra
964 1417 1061 1478 quem
1092 1399 1198 1479 ipsum
1226 1396 1348 1462 dixeris
1379 1419 1475 1462 evan·

278 1511 398 1594 getium
429 1508 469 1574 de
501 1507 676 1583 nativitate
704 1505 833 1571 Mariae
862 1507 1021 1588 scriptum
1049 1527 1129 1571 esse.
1173 1505 1275 1571 Mitto
1306 1507 1340 1572 id
1371 1528 1475 1589 genus

279 1620 354 1684 alia.
398 1615 709 1683 Pseudo-Matthaei
738 1615 824 1680 enim
852 1616 1072 1699 evangelium,
1104 1616 1193 1699 quod
1221 1617 1319 1681 nobis
1347 1616 1477 1698 dicitur,

279 1728 368 1795 haud
397 1726 495 1793 dubie
522 1726 604 1792 locis
632 1724 782 1808 pluribus
808 1727 1029 1810 antiquiorem
1058 1725 1162 1793 refert
1191 1726 1359 1809 haeresin,
1390 1728 1475 1792 eius·

280 1840 370 1906 modi
388 1838 527 1935 ¹quidem
549 1839 601 1904 cui
627 1839 701 1921 ipsa
728 1837 866 1906 ecclesia
891 1838 1100 1923 indulgebat;
1129 1838 1269 1905 alterum
1292 1839 1331 1904 de
1359 1840 1477 1905 nativi·

281 1958 353 2019 tate
367 1951 499 2017 Mariae
515 1971 713 2042 quamquam
737 1971 810 2016 cum
831 1951 962 2016 luxuria
977 1952 1215 2017 sententiarum
1230 1951 1479 2034 verborumque,

282 2070 393 2129 tamen
418 2067 513 2127 caute
536 2066 570 2126 et
592 2062 682 2126 salva
698 2061 839 2143 quadam
862 2061 1040 2127 sobrietate
1059 2062 1224 2127 catholica
1242 2064 1402 2144 scriptum
1421 2067 1479 2126 est.

281 2171 374 2238 Hinc
401 2172 512 2237 nescio
541 2192 584 2236 an
606 2192 627 2236 a
647 2171 786 2236 veritate
810 2192 875 2236 non
898 2172 995 2237 nimis
1021 2171 1153 2245 aberret
1179 2173 1207 2235 si
1235 2173 1288 2235 cui
1315 2172 1480 2254 posterius
1554 2183 1558 2190 ·

283 2284 503 2368 excogitatum
519 2281 726 2347 videaturad
742 2280 976 2347 eliminandum
991 2283 1094 2367 prius,
1117 2282 1210 2347 cuius
1225 2288 1352 2348 textum
1369 2303 1480 2366 quem-

283 2395 457 2462 admodum
480 2395 514 2458 in
537 2393 659 2458 nostris
681 2393 848 2459 codicibus
872 2400 1035 2477 superest,
1064 2395 1106 2460 ab
1135 2395 1291 2478 exemplis
1320 2395 1480 2478 antiquis-

283 2507 374 2573 simis
397 2507 488 2571 vario
511 2503 608 2571 modo
632 2504 802 2571 deflexisse
826 2505 982 2573 credibile
1005 2512 1064 2573 est.

368 2617 458 2685 Illud
481 2638 559 2683 vero
588 2618 702 2703 negari
732 2639 796 2682 non
823 2623 947 2702 potest,
973 2620 1039 2685 iam
1062 2619 1171 2686 media
1193 2626 1303 2686 aetate
1327 2640 1401 2684 eum
1425 2618 1482 2701 qui

286 2737 337 2798 est
359 2731 398 2796 de
421 2731 595 2796 nativitate
618 2729 748 2795 Mariae
769 2729 892 2795 librum
915 2730 957 2796 ad
978 2730 1218 2815 Hieronymum
1240 2731 1407 2797 Matthaei
1435 2731 1483 2794 in·

285 2846 464 2924 terpretem
491 2839 607 2906 referri
635 2840 858 2923 consuevisse,
887 2841 949 2907 etsi
976 2843 1187 2926 antiquorum
1215 2843 1414 2926 scriptorum
1442 2840 1482 2905 de

289 2952 460 3036 evangelio
482 2950 803 3018 Pseudo-Matthaei
830 2954 1020 3018 testimonia
1043 2975 1140 3037 saepe
1164 2953 1297 3019 difficile
1320 2953 1410 3018 dictu
1433 2958 1484 3018 est

288 3070 400 3129 utrum
428 3068 577 3146 spectent
603 3085 644 3128 ex
666 3063 793 3129 duobus
818 3064 912 3130 libris
940 3066 1071 3130 nostris.
1115 3065 1249 3130 Primus
1272 3064 1404 3149 quidem
1427 3065 1484 3146 qui

287 3173 408 3241 librum
432 3174 471 3239 de
493 3174 666 3240 nativitate
681 3175 812 3241 Mariae
834 3177 966 3242 nomine
984 3175 1150 3267 Matthaei
1172 3178 1363 3260 insignitum
1386 3180 1485 3241 teste-

272 3264 360 3370 bur,
383 3285 604 3353 Fulbertus
626 3286 755 3353 videtur
779 3309 848 3354 esse
872 3287 1087 3356 Carnotensis
1110 3285 1194 3357 saec.
1214 3288 1280 3356 IX.
1304 3290 1485 3373 episcopus.

291 3397 341 3466 Of.
358 3420 452 3464 serm.
469 3398 594 3486 eiusde
613 3400 713 3465 nativ.
728 3399 813 3465 Mar.
828 3400 876 3466 H.
892 3407 926 3466 et
947 3400 1015 3466 ΠΙ.
1024 3403 1048 3483 1)
1072 3401 1203 3482 Postea,
1220 3424 1286 3485 qua
1300 3424 1336 3466 re
1351 3400 1486 3465 Thiloni

379 3621 402 3684 ¹)
422 3622 461 3674 cf.
479 3625 613 3675 Biblioth.
628 3625 678 3676 1²1².
691 3625 814 3691 hugdnn.
834 3631 898 3676 tom.
910 3625 1010 3675 XVIII.
1029 3643 1054 3690 p.
1067 3628 1100 3676 38
1112 3641 1172 3690 sqq.
1210 3625 1335 3675 Sermone
1353 3624 1402 3675 111.
1420 3627 1486 3676 hacc

292 3709 434 3774 leguntur:
458 3711 555 3761 Exstat
566 3711 696 3775 squaedam
713 3727 762 3760 non
779 3711 877 3761 usitata
894 3711 1000 3770 relatio,
1022 3726 1086 3775 qaae
1103 3710 1240 3760 clarissimi
1257 3711 1406 3775 interpretis
1425 3710 1486 3759 Ilie-

291 3797 390 3862 respersi
403 3803 576 3860 praenotatur
593 3800 699 3859 nomine,
721 3800 837 3865 rqserenr
854 3799 951 3850 beatum
969 3800 1127 3849 Matthaeus»
1144 3805 1203 3861 port
1220 3799 1314 3847 editam
1331 3798 1487 3863 enanpeliarn

293 3885 375 3932 man
397 3884 539 3949 praefatae
560 3884 670 3948 arpinis
693 3889 768 3948 atque
791 3885 952 3935 initiamenta
974 3884 1091 3948 puerilia
1112 3884 1172 3933 Iera
1196 3884 1290 3933 Obrirti
1312 3885 1352 3934 ita
1375 3883 1488 3933 abraserit

292 3983 369 4017 nmen
392 3971 504 4034 propria
526 3970 671 4034 chaynam
692 3970 788 4020 litteris
804 3970 931 4021 hebraicis
947 3976 975 4022 ret
992 3971 1072 4021 nubib
1089 3970 1229 4037 infidelium
1251 3969 1318 4019 illud
1339 3970 1415 4019 vellet
1439 3987 1487 4034 pc·

293 4056 347 4102 tere
364 4055 499 4119 superficie
516 4059 541 4104 et
557 4056 717 4105 mordacibus
734 4055 839 4112 iatibae,·
861 4073 925 4120 quae
942 4062 1001 4106 tene
1018 4073 1034 4104 a
1048 4055 1196 4118 praelibato
1213 4058 1352 4117 interprete
1361 4058 1488 4120 serantur

294 4143 487 4205 traneportata,
516 4142 662 4205 quibusdam
688 4141 778 4191 obnixe
800 4142 956 4205 perentibus,
983 4143 1017 4191 ad
1040 4143 1141 4206 linquae
1167 4142 1265 4190 latinae
1287 4144 1405 4191 notitiam
1432 4148 1485 4191 etc.

296 4224 353 4284 Quo
377 4228 436 4277 Ioco
460 4229 512 4277 etri
537 4228 570 4278 de
594 4230 653 4292 ipso
677 4229 745 4278 libro
770 4229 838 4277 nihil
857 4230 1007 4278 accuratius
1026 4228 1133 4285 defluit,
1158 4233 1238 4291 atque
1257 4228 1320 4278 inde
1339 4229 1410 4292 quod
1429 4245 1488 4278 curu

294 4318 375 4369 „ortu
393 4314 524 4377 virgInia“
547 4314 736 4372 „initiamenta
755 4315 868 4377 puerilia
887 4313 948 4364 Iesu
968 4312 1085 4364 Christi“
1109 4315 1253 4363 coniuncta
1276 4314 1343 4364 dicit
1366 4315 1399 4364 ad
1423 4311 1487 4366 alte·

295 4413 351 4445 rnm
371 4399 495 4448 concludi
515 4399 611 4449 librum
630 4403 730 4464 potest,
750 4403 839 4452 tarum
858 4401 997 4464 probabile
1016 4416 1071 4450 non
1084 4408 1126 4451 eat
1138 4416 1257 4452 sermone
1269 4401 1320 4452 III.
1332 4402 1488 4452 Fulbertum

296 4481 329 4530 de
348 4482 401 4531 alio
420 4484 521 4547 scripto
540 4499 672 4549 exponere
691 4500 769 4549 qnam
787 4483 824 4536 II.
842 4500 971 4543 sermone,
990 4485 1043 4543 ubi,
1062 4485 1194 4536 Matthaei
1208 4485 1313 4549 quidem
1333 4502 1430 4536 nonren
1449 4494 1489 4537 ta·

296 4580 368 4625 oeus,
390 4569 467 4631 plura
485 4566 519 4617 ad
538 4569 646 4619 verbnm
665 4584 696 4618 ex
714 4569 783 4619 Iibro
802 4576 894 4621 nostro
914 4569 947 4621 de
966 4571 1049 4621 nativ.
1067 4570 1133 4620 Mar.
1152 4570 1238 4620 affert.
1277 4568 1317 4620 Cf.
1334 4572 1405 4621 ruit.
1425 4570 1490 4623 eoo.

295 4668 387 4719 apocr.
406 4670 431 4720 p.
449 4653 571 4706 xcvm.
609 4654 691 4714 Quam
710 4672 801 4722 parum
820 4672 881 4708 vero
900 4657 958 4722 ipro
976 4657 1063 4708 media
1081 4662 1171 4709 aetate
1190 4657 1223 4707 de
1242 4659 1359 4709 auctoris
1383 4659 1491 4709 nomine
