3458 5640
264 608 340 655 un
731 594 1001 647 PROLEGOMPNA.

264 742 381 822 monii,
410 741 498 824 quod
522 741 619 825 quale
635 738 748 806 'luerit
775 744 889 807 statim
917 743 1110 827 explicatius
1135 745 1294 826 dicemus,
1321 746 1460 812 alterius

264 851 370 917 altera
393 857 537 935 augeret.

349 961 414 1031 Sed
441 964 507 1029 iam
535 964 710 1030 tractanda
737 964 880 1030 breviter
901 959 1003 1031 'nobis
1032 972 1083 1030 est
1111 968 1221 1051 gravis
1244 969 1394 1051 quaestio
1419 968 1459 1034 de

214 1087 218 1097 '
264 1076 305 1141 iis
320 1075 423 1142 Pilati
445 1076 527 1141 actis
545 1096 630 1159 quae
653 1081 756 1143 testes
778 1078 885 1143 nostri
907 1077 1004 1162 louge
1027 1078 1159 1162 plurimi
1181 1101 1216 1146 se
1238 1079 1362 1146 referre
1384 1101 1460 1165 pro·

263 1186 408 1255 fitentur.
453 1186 529 1274 Qua
557 1191 591 1255 in
619 1212 655 1257 re
682 1189 863 1274 repetenda
890 1196 941 1257 est
968 1194 1127 1258 memoria
1153 1192 1284 1259 illorum
1310 1199 1460 1262 actorum
1509 1278 1512 1285 Ι

263 1301 382 1386 Pilati,
410 1302 560 1386 adquae
589 1304 655 1370 iam
677 1300 828 1370 Iustinus
856 1305 907 1371 bis
934 1311 1107 1390 provocat,
1139 1307 1216 1373 item
1243 1307 1355 1392 paullo
1382 1311 1461 1391 post

262 1413 504 1496 Tertullianus,
527 1422 628 1499 atque
651 1418 739 1500 item
752 1423 831 1500 post
851 1417 950 1483 hosce
973 1403 1036 1482 alii
1054 1419 1157 1484 multi.
1200 1419 1295 1485 Haec
1317 1441 1359 1485 an
1381 1440 1461 1485 vera

262 1525 365 1591 Pilati
389 1531 464 1592 acta
487 1527 619 1608 fuerint,
642 1527 684 1593 ab
707 1529 779 1612 ipso
802 1528 854 1593 vel
876 1528 980 1610 ipsius
1003 1531 1202 1595 auctoritate
1219 1531 1406 1614 conscripta
1420 1551 1461 1596 ac

262 1636 405 1702 Romam
428 1637 470 1702 ad
492 1639 726 1722 imperatorem
749 1639 859 1720 missa,
883 1639 995 1722 quaha
1014 1642 1179 1705 exstitisse
1196 1660 1296 1723 quum
1315 1662 1355 1706 ex
1377 1641 1461 1707 anti·

252 1770 329 1832 quo
353 1741 571 1828 maraccius
592 1750 688 1815 testis
711 1750 810 1815 etiam
827 1750 991 1816 Eusebius
1015 1752 1108 1833 est¹),
1132 1756 1202 1815 tum
1224 1774 1264 1817 ex
1280 1752 1460 1818 traditione

263 1860 400 1925 ultimae
423 1858 634 1927 Christianae
658 1861 869 1945 antiquitatis
893 1862 1091 1943 communi²)
1115 1862 1285 1945 probabile
1307 1862 1359 1946 fit,
1382 1862 1459 1927 ida

262 1971 393 2036 nemine
417 1972 536 2053 opinor
558 1971 644 2037 serio
668 1973 783 2054 quaeri
805 1976 925 2054 potest.
958 1973 992 2036 A
1015 1974 1147 2055 scriptis
1171 1974 1257 2037 enim
1280 1973 1461 2038 iudiciariis

264 2081 425 2146 eiusmodi
449 2102 488 2146 ea
511 2102 595 2166 quae
618 2081 694 2146 inda
717 2081 900 2147 afferuntur
923 2104 943 2146 a
965 2082 1111 2165 Iustino,
1139 2082 1345 2149 Tertulliano
1374 2084 1461 2147 aliis-

265 2211 337 2273 que,
359 2211 496 2274 prorsus
519 2192 706 2255 abhorrent.
732 2190 832 2270 (Vide
852 2197 952 2274 post.)
990 2193 1047 2256 An
1069 2193 1172 2273 igitur
1194 2195 1307 2274 spuria
1329 2193 1463 2257 fuerunt

263 2321 404 2383 quorum
420 2306 537 2366 auctor
552 2303 684 2368 nomine
699 2301 803 2367 Pilati
818 2323 878 2384 par
894 2301 1042 2367 fraudem
1058 2302 1274 2368 abuteretur?
1298 2301 1339 2368 Id
1355 2304 1463 2386 ipsum

263 2433 303 2477 ex
325 2410 447 2477 Iustini
472 2413 605 2497 quidem
627 2414 735 2479 verbis
759 2419 849 2478 certo
873 2412 959 2478 effici
983 2414 1112 2496 nequit,
1141 2434 1243 2496 quum
1271 2419 1462 2480 constanter

262 2523 351 2590 dicat
384 2527 420 2588 ἑκ
445 2532 519 2610 nebu
549 2528 610 2590 ἑωῑ
640 2525 785 2610 Πομτίου
809 2525 963 2589 Πιλάτου
985 2528 1184 2611 γεμομὲμωμ
1208 2525 1322 2612 άκτοομ
1347 2527 1461 2612 μαθέιμ

262 2637 416 2724 δύμοισθε.
461 2637 579 2723 Neque
602 2639 708 2723 magia
731 2638 765 2704 id
787 2645 905 2721 postea
928 2659 948 2704 a
969 2637 1137 2722 plerisque
1161 2639 1321 2705 creditum
1344 2638 1462 2721 esse⁸)‚

262 2752 424 2817 coniicere
447 2751 526 2816 licet
549 2773 588 2816 ex
612 2748 768 2838 άμαψορὰ
785 2752 947 2828 Πιλάτου,
971 2752 1033 2834 cui,
1056 2758 1215 2834 tanquam
1238 2751 1279 2816 ad
1302 2751 1335 2816 id
1354 2753 1462 2835 ipsum

262 2863 406 2946 scriptae
434 2866 473 2926 ut
500 2862 542 2927 ad
570 2860 747 2927 Gaesarem
774 2864 979 2945 mitteretur,
1011 2863 1111 2927 etiam
1142 2866 1217 2927 acta
1247 2862 1305 2927 illa
1333 2862 1463 2928 adiecta

263 2994 335 3040 esse
363 2974 476 3058 plures
505 2973 633 3041 codices
666 2972 854 3058 significant
864 2976 901 3057 ⁴).
944 2972 1170 3041 Nihilominus
1194 2995 1278 3058 quae
1306 2976 1385 3058 „sub
1407 2973 1462 3040 Pi-

262 3087 331 3154 lato
356 3085 525 3154 conteota“
546 3086 602 3154 ille
619 3087 700 3153 dicit
720 3092 804 3172 acta,
818 3108 979 3176 quaeque
1001 3093 1079 3171 post
1100 3086 1166 3171 alii,
1188 3092 1368 3171 praeeunte
1384 3087 1464 3153 Ter·

350 3307 374 3373 1)
394 3309 436 3360 Cf.
456 3309 551 3360 histor.
563 3298 667 3360 ¹eccles.
686 3308 727 3368 11,
746 3311 770 3361 2.
804 3305 940 3359 ωολαιοῦ
964 3302 1180 3375 κεκροτιικότοσ
1205 3305 1296 3357 {douo
1314 3310 1381 3357 τοῖσ
1398 3307 1462 3377 τώμ

263 3393 361 3466 ἑθμῶμ
381 3390 502 3463 ἄρχουσι
520 3389 558 3446 τά
577 3389 664 3461 ωαρά
684 3394 763 3463 σφίσι
783 3391 1039 3466 καιμοτομούμεμο
1057 3393 1104 3460 τῷ
1123 3391 1180 3464 trip
1200 3394 1347 3465 Βασίλειομ
1365 3390 1461 3464 ἁρχέιμ

187 3483 191 3490 ’
263 3479 468 3549 ἑωικροτοῦμτι
488 3479 650 3551 σιιμοίμειμ.

350 3568 374 3632 ²)
393 3570 519 3633 Inprimis
538 3577 662 3635 respectu
682 3570 763 3633 digus
782 3573 846 3618 sunt
864 3570 1020 3619 testimonis
1037 3572 1163 3618 Actorum
1187 3569 1384 3633 praesidialium
1404 3583 1462 3631 pss-

264 3655 348 3704 sionis
367 3654 481 3703 annchi
500 3653 580 3702 Probi
605 3658 633 3701 ot
651 3651 798 3702 Andronici
821 3656 850 3701 et
867 3652 991 3716 Martyrii
1015 3651 1117 3716 lgristil
1141 3651 1308 3716 interpolsti.
1350 3651 1382 3701 In
1407 3652 1463 3700 illis

265 3739 334 3789 anim
354 3738 486 3787 Maximus
505 3751 611 3801 praeses
630 3737 663 3786 ad
682 3735 861 3786 Andronicum
881 3735 949 3786 dicit
974 3733 1080 3800 Μωρέ,
1103 3730 1195 3784 τοῦτο
1221 3730 1272 3783 οὐκ
1297 3730 1392 3792 uideo,
1418 3725 1462 3783 ὄτι

264 3818 299 3894 tp
324 3818 452 3890 ἑωικολξι
476 3814 644 3891 άμθρωωομ
668 3817 840 3890 κακοῦργομ,
863 3815 928 3870 ituro
947 3819 1082 3887 ἐιουσῑασ
1099 3814 1185 3890 τιμὸσ
1204 3813 1335 3871 Πιλάτου
1355 3813 1462 3888 ιἰγεμὸ-

266 3924 321 3980 poc
339 3906 454 3979 (iprlpdn
475 3905 507 3978 ἐμ
527 3905 661 3974 σταυρῷ,
684 3898 719 3957 οῦ
740 3904 780 3956 καὶ
799 3895 1009 3975 ῦωομμάματα
1029 3900 1223 3972 κατάκειμται;
1249 3904 1288 3956 Cf.
1308 3906 1410 3956 Pallsd.
1430 3909 1464 3957 do

265 4001 322 4050 vitu
340 3998 477 4063 Chrysost.
497 3996 537 4048 cd.
556 3997 641 4046 limet.
660 3997 752 4061 Bigot.
778 4012 803 4060 p.
823 3996 895 4051 280..
922 3996 987 4044 item
1007 3995 1141 4044 Valerium
1165 3994 1199 4042 sd
1218 3993 1280 4042 ltus.
1307 3994 1373 4042 hist.
1393 3994 1461 4043 ecel.

265 4082 355 4142 1x,o.
391 4085 479 4146 Atque
501 4082 530 4130 iu
547 4082 674 4144 martyrio
693 4079 794 4144 Ignatii
813 4077 1017 4142 (interpolatum
1036 4077 1154 4126 creditur
1172 4078 1278 4126 saeculo
1298 4077 1354 4126 fere
1373 4075 1462 4137 sexto)

265 4168 378 4217 Trsisno
402 4167 562 4217 Antiochiae
585 4167 698 4217 relatum
721 4180 779 4215 esse
803 4165 915 4222 dicitur,
943 4163 1078 4228 ignatium
1102 4162 1255 4211 hominibus
1279 4162 1380 4211 cultum
1405 4162 1462 4211 fere

265 4255 384 4305 divinum
403 4253 514 4304 susdera
533 4252 634 4303 Christi
656 4258 741 4302 morte
765 4252 851 4301 erucis
872 4252 994 4301 sPilato
1014 4251 1116 4307 affecti,
1144 4249 1192 4297 ὠσ
1213 4243 1252 4296 τά
1274 4246 1343 4313 crept
1367 4244 1460 4296 αὐτου

265 4331 447 4407 ὃιὺάσκουσιμ
465 4331 683 4405 ὑωομμάματα.

351 4420 375 4487 ⁸)
394 4422 471 4482 Quod
489 4424 512 4473 si
531 4427 624 4473 auctor
643 4422 746 4487 prologi
766 4420 902 4479 credebat,
922 4420 990 4469 nihil
1009 4419 1128 4482 ineptius
1146 4418 1247 4484 tingere
1265 4422 1373 4481 poterut
1385 4432 1463 4481 quam

266 4512 399 4562 hebraicis
418 4526 449 4561 es
467 4510 569 4560 litteris
588 4509 740 4573 conscripta
758 4509 852 4558 titisse.
890 4507 960 4556 ltine
979 4521 1013 4556 sn
1033 4504 1178 4556 crediderit
1196 4505 1300 4556 dubito.

349 4596 375 4661 ⁴)
395 4597 437 4647 Cf.
456 4597 529 4647 infra
547 4611 608 4662 pag.
620 4598 681 4646 413.
712 4591 729 4644 ὁ
749 4587 802 4663 obp
823 4587 956 4643 Πιλάτου
975 4587 1040 4659 μετ’
1063 4587 1170 4642 οῑκείοσ
1189 4585 1282 4638 αὐτοῦ
1302 4583 1464 4658 άμαῲοράσ

266 4681 441 4754 ἐιὲωεμψεμ
461 4677 536 4733 αὐτὰ
555 4677 601 4747 τῷ
622 4677 749 4746 Καίσαρι.
