3458 5640
267 621 328 684 126
544 621 711 673 HISTORIA
730 621 883 674 losum.
912 621 986 672 ΟΔΡ.
1006 620 1037 671 X.
1056 621 1102 671 xl.
1120 621 1180 670 Xll.

266 792 406 839 suarum
418 792 522 856 opere
533 772 637 838 vitam
649 773 831 838 sustinuit:
849 793 962 856 neque
974 772 1065 837 enim
1076 770 1191 836 alieno
1202 768 1322 859 labore
1333 771 1463 836 victum

266 876 374 960 gratis
398 875 589 960 quaerebat
610 897 777 960 unquam,
801 875 1090 962 quemadmodum
1110 872 1215 961 (olim)
1234 881 1464 959 praeceperat

265 980 322 1046 lex
337 979 460 1047 Mosis.

768 1149 889 1218 Oneon
911 1149 958 1217 X.

350 1324 507 1390 Tandem
523 1323 801 1389 increscentibus
818 1324 919 1389 annis
929 1328 1111 1407 provectae
1128 1323 1253 1389 aetatis
1265 1342 1371 1388 senex
1388 1343 1464 1388 eva-

266 1429 321 1491 sit.
366 1426 476 1492 Nullu
499 1433 613 1490 tamen
635 1426 790 1507 corporis
811 1424 982 1489 laboravit
1001 1424 1219 1505 infirmitate,
1245 1445 1310 1488 uec
1331 1422 1464 1488 defecit

265 1531 358 1594 visus
377 1547 490 1610 neque
507 1526 599 1591 ullus
617 1525 659 1590 de
677 1545 735 1590 ore
759 1528 833 1591 eius
850 1525 935 1591 dens
952 1527 1072 1610 periit;
1095 1532 1209 1591 mente
1228 1547 1366 1609 quoque
1386 1531 1461 1591 toto

266 1632 393 1697 aetatis
409 1636 564 1713 tempore
581 1649 768 1712 numquam
785 1628 960 1694 deliravit:
984 1629 1045 1694 sed
1063 1629 1186 1694 similis
1205 1649 1314 1712 puero
1331 1629 1463 1693 iuveni-

265 1734 335 1800 lem
352 1753 489 1816 semper
503 1733 539 1797 in
550 1731 701 1815 negotiis
717 1732 790 1798 suis
800 1731 952 1815 vigorem
967 1732 1155 1815 praestitit,
1173 1731 1370 1797 etmembra
1386 1733 1462 1797 eius

267 1837 406 1920 integra
426 1841 694 1919 permanserunt
718 1835 905 1921 omni(que)
929 1835 1049 1901 dolore
1069 1856 1186 1901 vacua.
1232 1835 1322 1902 'Pota
1346 1841 1463 1903 autem

268 1941 343 2005 eius
359 1940 431 2004 vita
447 1944 586 2004 centum
602 1938 785 2004 constabat
805 1944 840 2004 et
855 1938 1018 2005 undecim
1034 1939 1151 2023 annis,
1172 1939 1344 2024 producta
1359 1961 1465 2025 quam

270 2042 466 2108 diutissime
483 2042 594 2126 ipsius
612 2047 803 2108 senectute.

760 2259 879 2375 §Aaou
902 2261 970 2328 XI.

353 2434 474 2501 Iustus
490 2453 569 2500 vero
593 2439 629 2500 et
644 2432 784 2501 Simeon
802 2436 957 2502 seniores
973 2435 1118 2520 Iosephi
1134 2435 1197 2500 filii
1214 2435 1329 2502 ductis
1350 2439 1465 2503 uxori-

269 2540 334 2606 bue
351 2539 387 2604 iu
404 2538 554 2604 familias
566 2560 647 2606 suas
664 2539 855 2606 abiverunt.
879 2539 1013 2606 Ambae
1024 2541 1155 2626 pariter
1165 2547 1361 2626 nupserunt
1370 2540 1464 2607 filiae

269 2644 356 2712 etin
374 2664 454 2710 suas
471 2648 693 2709 secesserunt
708 2644 823 2711 aedes.
846 2641 897 2709 At
911 2645 1138 2710 remanebant
1154 2647 1190 2710 in
1208 2643 1465 2728 domoIosephi

268 2746 359 2812 Iuda
375 2752 410 2812 et
419 2745 569 2811 Iacobus
586 2748 699 2813 minor
714 2767 778 2812 nec
794 2768 863 2812 non
881 2755 991 2812 mater
1005 2769 1082 2813 mea
1096 2749 1202 2833 virgo.
1226 2749 1301 2833 Ego
1319 2749 1465 2829 insuper

268 2869 432 2915 unacum
452 2849 523 2914 illis
542 2849 694 2934 (ibidem)
710 2851 900 2932 permansi,
923 2850 1016 2915 haud
1037 2851 1141 2916 aliter
1160 2872 1200 2915 ac
1217 2852 1247 2914 si
1269 2871 1359 2914 unus
1379 2846 1465 2912 fuis-

270 2972 341 3017 sem
361 2951 403 3016 de
421 2949 502 3015 filiis
519 2951 605 3016 eius.
629 2951 799 3034 Transegi
816 2956 931 3017 autem
948 2972 1083 3017 omnem
1100 2958 1249 3016 aetatem
1266 2971 1376 3016 meam
1388 2951 1464 3015 sine

271 3054 383 3138 culpa.
416 3052 563 3118 Mariam
583 3053 754 3137 appellavi
772 3059 915 3119 matrem
930 3075 1041 3118 meam
1064 3060 1099 3118 et
1113 3053 1303 3137 Iosephum
1319 3059 1465 3135 patrem,

272 3163 377 3240 atque
403 3155 439 3220 in
465 3155 624 3221 omnibus
651 3177 738 3239 quae
764 3156 927 3221 dixerunt
951 3177 1078 3221 morem
1104 3157 1191 3240 ipsis
1216 3156 1323 3239 gessi:
1350 3175 1466 3237 neque

271 3260 461 3343 repugnavi
483 3258 554 3322 illis
574 3280 725 3342 unquam
742 3258 803 3323 sed
821 3260 1054 3342 obtemperavi
1073 3262 1138 3340 eis,
1162 3266 1200 3324 ut
1216 3258 1331 3322 facere
1350 3256 1466 3322 solent

272 3363 400 3446 reliqui
421 3382 508 3444 quos
526 3366 619 3427 terra
633 3361 797 3444 producit
814 3361 986 3426 homines:
1011 3382 1075 3427 nec
1097 3363 1182 3426 iram
1204 3361 1276 3426 illis
1294 3361 1465 3426 concitavi

272 3465 345 3531 ullo
371 3465 442 3546 die,
468 3470 530 3530 aut
552 3464 692 3530 verbum
717 3464 861 3547 aliquod
887 3484 948 3529 seu
973 3485 1178 3547 responsum
1200 3463 1466 3548 (duriusculum)

272 3568 359 3653 ipsis
376 3567 539 3651 opposui;
561 3587 578 3632 e
597 3568 769 3633 contrario
791 3567 925 3651 ingenti
944 3588 1002 3633 eos
1019 3572 1226 3650 prosecutus
1243 3588 1318 3632 sum
1339 3586 1465 3648 amore,

274 3671 522 3759 ceupupillam
540 3671 643 3738 oculi.

754 3879 873 3947 Oneon
895 3880 983 3945 XII.

361 4034 519 4120 Contigit
538 4043 619 4119 post
643 4035 727 4101 haec
752 4043 791 4101 ut
817 4037 1116 4119 adpropinquaret
1136 4056 1226 4100 mors
1249 4035 1342 4100 senis
1370 4034 1467 4098 illius

274 4138 324 4220 pii
340 4135 483 4220 Iosephi
504 4137 683 4220 ipsiusque
701 4137 743 4201 de
761 4138 826 4202 hoc
842 4138 969 4202 mundo
994 4139 1120 4217 exitus,
1142 4157 1235 4202 more
1253 4138 1467 4219 reliquorum

274 4239 453 4305 homiuum
475 4240 533 4320 qui
554 4238 636 4303 huic
658 4245 770 4304 terrae
795 4245 906 4304 ortum
930 4239 1069 4302 debent.
1117 4237 1234 4321 Atque
1255 4244 1400 4303 nutante
1424 4240 1468 4302 ad

274 4338 456 4407 interitum
479 4362 621 4424 corpore
644 4342 719 4407 eius
741 4341 907 4407 indicavit
928 4343 994 4425 ipsi
1017 4341 1162 4424 angelus
1179 4341 1310 4406 domini
1330 4343 1397 4406 iam
1418 4343 1469 4405 in-

275 4452 368 4510 stare
385 4444 506 4509 mortis
522 4443 652 4509 horam.
682 4444 835 4511 Proinde
854 4467 931 4511 eum
948 4447 1052 4510 timor
1072 4451 1107 4509 et
1127 4447 1249 4529 ingens
1271 4446 1377 4510 animi
1394 4465 1470 4527 per·

275 4546 429 4612 turbatio
447 4546 582 4612 invasit.
615 4544 769 4632 Surgens
791 4555 907 4615 autem
926 4549 1035 4615 abivit
1050 4548 1341 4633 Hierosolymam,
1365 4555 1400 4614 et
1421 4550 1470 4613 in-

275 4672 416 4736 gressus
436 4650 601 4735 templum
619 4651 750 4718 domini
771 4653 959 4738 effusisque
983 4654 1032 4719 ibi
1049 4674 1163 4721 coram
1180 4654 1378 4720 sanctuario
1395 4674 1471 4736 pre·

277 4753 375 4820 cibus
393 4753 494 4819 dixit:
