3458 5640
551 664 598 713 Dll
616 661 830 714 uurlvl‘rrru
848 661 990 712 ulnus.
1019 661 1091 712 CAP.
1111 662 1164 764 11.Ι
1393 668 1454 732 115

259 815 319 881 sed
337 813 444 879 divini
460 815 614 881 muneris
632 818 872 898 cognoscatur.
919 812 930 847 ⁸
945 813 1065 879 Prima
1081 815 1172 880 enim
1190 815 1304 900 gentis
1319 824 1454 885 vestrae

259 919 345 987 Sara
366 923 476 985 mater
498 940 613 985 noune
636 939 747 1003 usque
773 918 816 983 ad
839 919 1089 1001 octogesimum
1112 942 1240 985 annum
1265 920 1456 990 infecunda

258 1024 347 1092 suit?
369 1031 404 1091 ot
426 1026 598 1092 tamenin
622 1025 745 1092 ultima
766 1026 957 1093 senectutis
983 1031 1098 1092 aetate
1121 1026 1243 1110 genuit
1257 1025 1375 1111 Isaac,
1399 1029 1455 1094 cui

258 1132 468 1215 repromissa
485 1137 560 1196 erat
574 1130 775 1197 benedictio
793 1132 944 1198 omnium
961 1131 1127 1215 gentium.
1153 1131 1287 1196 Rachel
1304 1152 1454 1217 quoque,

256 1240 391 1300 tantum
409 1234 550 1300 domino
571 1239 671 1319 grata
686 1239 890 1318 tantumque
912 1256 933 1298 a
953 1239 1073 1300 sancto
1091 1234 1220 1300 Iacobo
1243 1240 1371 1316 amata,
1394 1236 1454 1302 diu

258 1336 388 1402 sterilis
415 1337 498 1417 suit,
525 1342 699 1401 ettamen
724 1336 854 1420 Ioseph
879 1337 1016 1420 genuit,
1043 1357 1113 1401 non
1140 1335 1251 1402 solum
1278 1336 1455 1404 dominum

256 1437 409 1524 Aegypti
432 1440 494 1506 sed
514 1439 741 1524 plurimarum
758 1441 912 1524 gentium
935 1440 1024 1505 fame
1042 1441 1276 1522 periturarum
1292 1438 1456 1506 liberato-

257 1565 338 1608 rem.
373 1541 460 1626 Quis
483 1543 520 1607 in
545 1542 693 1609 ducibus
714 1542 767 1608 vel
790 1542 915 1608 sortior
932 1540 1123 1626 Sampsone
1144 1541 1199 1607 vel
1221 1542 1375 1609 sanctior
1396 1540 1456 1610 Sa-

257 1645 393 1712 muele?
419 1652 454 1712 61
477 1651 592 1712 tamen
612 1646 648 1710 bi
671 1645 770 1713 ambo
794 1645 931 1712 steriles
953 1652 1081 1711 matres
1102 1645 1266 1711 habuere.
1313 1643 1350 1712 Si
1372 1667 1454 1731 ergo

259 1751 347 1817 ratio
368 1752 483 1825 verbis
505 1751 591 1817 meis
613 1749 676 1816 tibi
700 1773 768 1819 non
790 1749 994 1836 persuadet,
1021 1750 1123 1817 crede
1146 1750 1280 1836 dilutos
1295 1750 1354 1815 diu
1377 1771 1456 1817 oon-

259 1860 381 1939 ceptus
403 1860 439 1921 et
457 1855 595 1921 steriles
612 1861 733 1939 partus
750 1855 983 1921 mirabiliores
1007 1875 1083 1920 esse
1102 1854 1226 1920 solere.
1272 1855 1283 1888 ¹
1300 1853 1455 1919 Proinde

258 1956 364 2023 Arma
384 1979 471 2024 uxor
492 1964 553 2024 tua
571 1960 686 2043 pariet
706 1959 770 2025 tibi
788 1959 907 2040 filiam,
932 1964 968 2030 et
981 1959 1121 2025 vocabis
1145 1976 1269 2023 nomen
1292 1957 1367 2022 eius
1383 1956 1457 2023 Ma·

259 2062 361 2127 riam:
377 2062 463 2128 haec
481 2063 556 2144 erit,
574 2069 613 2127 ut
627 2062 779 2144 vovistis,
798 2062 840 2128 ab
859 2062 1009 2128 infantia
1025 2084 1089 2127 sua
1100 2061 1240 2126 domino
1253 2066 1457 2126 consecrata

260 2170 296 2230 et
320 2165 445 2249 spiritu
471 2171 591 2232 sancto
617 2166 812 2251 replebitur
837 2167 951 2233 adhuc
977 2188 1019 2232 ex
1043 2172 1142 2232 utero
1166 2165 1297 2230 metris.
1344 2162 1455 2231 Omne

260 2269 473 2335 immundum
490 2292 602 2354 neque
616 2269 841 2336 manducabit
857 2292 971 2355 neque
988 2270 1095 2353 bibet,
1114 2290 1228 2354 neque
1244 2269 1456 2353 interpopu·

259 2372 349 2439 lares
367 2373 561 2441 lorinsecus
579 2376 697 2442 turbas
715 2375 829 2442 sedin
847 2375 976 2461 templo
996 2374 1129 2442 domini
1146 2375 1361 2441 conversatio
1379 2373 1455 2439 eius

261 2477 340 2561 erit,
364 2501 406 2545 ne
431 2479 514 2564 quid
537 2479 578 2545 de
604 2502 644 2546 ea
665 2481 845 2546 sinistrum
861 2481 914 2546 vel
937 2479 1109 2563 suspicari
1131 2480 1254 2545 saltem
1273 2477 1387 2563 possit
1402 2478 1455 2543 vel

260 2582 339 2649 dici.
363 2584 488 2669 Itaque
505 2591 619 2652 aetate
636 2585 849 2670 procedente
867 2585 959 2651 sicut
974 2585 1050 2669 ipsa
1065 2581 1275 2650 mirabiliter
1291 2604 1330 2648 ex
1342 2579 1455 2649 sterili

259 2694 431 2771 nascetur,
449 2690 498 2755 ite
514 2688 837 2773 incomparabiliter
845 2689 940 2772 virgo
957 2688 1140 2772 generabit
1155 2686 1318 2752 altissimi
1334 2686 1454 2766 filium,

260 2792 319 2874 qui
335 2792 437 2857 Iesus
453 2793 650 2858 vocabitur:
668 2790 859 2857 seeundum
876 2790 1026 2856 nominis
1044 2788 1287 2875 etymologiam
1305 2788 1456 2855 salvator

260 2896 412 2960 omnium
438 2897 594 2980 gentium
621 2896 697 2962 erit.
743 2895 818 2961 ⁴Et
842 2895 909 2961 hoo
934 2893 999 2961 tibi
1025 2916 1143 2961 eorum
1170 2913 1258 2978 quae
1284 2892 1455 2960 annuntio

261 3001 397 3084 signum
413 3001 493 3081 erit,
518 3022 594 3065 cum
611 3002 809 3085 perveneris
831 2999 874 3066 ad
895 3021 1034 3066 auream
1055 3000 1091 3064 in
1108 2997 1364 3082 Hierosolymis
1379 3017 1456 3082 por·

261 3109 344 3184 tam,
366 3102 511 3168 babebis
533 3105 582 3170 ibi
606 3104 739 3170 obviam
755 3101 894 3169 Annam
917 3125 1056 3169 uxorem
1078 3109 1186 3184 tuam,
1209 3122 1297 3185 quae
1315 3100 1357 3165 de
1375 3108 1455 3166 tuae

261 3205 491 3289 regressionis
514 3206 710 3273 tardatione
731 3204 831 3273 modo
854 3206 1022 3288 sollicita,
1043 3212 1127 3271 tuno
1148 3205 1184 3269 in
1206 3204 1374 3288 adspectu
1395 3209 1455 3269 tuo

263 3307 439 3390 gaudebit.
470 3309 538 3375 His
556 3310 659 3376 dictis
676 3310 821 3393 augelus
838 3309 1001 3375 discessit
1017 3309 1059 3373 ab
1078 3330 1128 3374 eo.

756 3529 876 3597 Ourur
898 3530 961 3598 IV.

347 3698 511 3766 ¹Deiude
537 3702 701 3785 apparuit
720 3692 847 3768 Adnae
868 3703 967 3768 uxori
989 3703 1064 3768 eius
1089 3701 1223 3767 diceus:
1253 3700 1307 3766 Ne
1330 3701 1454 3768 timeas

259 3799 373 3885 Anna,
391 3825 504 3888 neque
520 3804 727 3887 phantasma
742 3813 844 3890 putes
862 3828 937 3873 esse
951 3805 1160 3891 quodvides.
1184 3805 1260 3889 Ego
1279 3805 1456 3871 enimsum

260 3906 404 3990 angelus
424 3907 484 3972 ille
503 3907 563 3991 qui
584 3929 705 3991 preces
729 3915 764 3974 61
786 3910 1022 3993 eleemosynas
1039 3916 1171 3975 vestras
1189 3907 1300 3975 obtuli
1321 3910 1358 3974 in
1378 3930 1456 3975 con·

261 4016 380 4092 spectu
404 4009 476 4092 dei,
503 4016 538 4075 et
559 4033 652 4076 nunc
672 4013 797 4077 missus
820 4035 894 4078 sum
920 4012 1043 4078 advos
1069 4019 1108 4078 ut
1132 4013 1336 4078 annuntiem
1357 4013 1454 4078 vobis

261 4113 469 4177 nascituram
496 4113 601 4179 filiam
625 4137 712 4198 quae
734 4115 849 4180 Maria
873 4123 994 4182 vocate
1018 4138 1123 4199 super
1147 4138 1266 4182 omnes
1291 4116 1454 4182 mulieres

261 4216 328 4281 erit
346 4215 543 4283 benedicta.
582 4217 682 4284 Haeo
709 4240 729 4284 a
751 4219 932 4284 nativitate
959 4240 1022 4285 sua
1047 4218 1163 4285 statim
1188 4219 1318 4287 domini
1344 4220 1456 4306 gratia

261 4320 378 4406 plena,
401 4320 513 4388 tribus
535 4323 781 4391 ablactationis
805 4346 888 4391 suae
910 4327 1011 4392 annis
1035 4325 1071 4391 in
1093 4325 1193 4392 domo
1214 4331 1361 4411 paterna
1380 4346 1455 4411 per-

329 4504 353 4552 2.
372 4502 446 4553 llaec
459 4502 524 4553 nlibi
538 4519 592 4554 non
606 4504 789 4555 inveniuntur.
809 4505 859 4554 Pro
872 4509 960 4554 cuncto
974 4505 1067 4556 Iacobo
1080 4505 1138 4555 Por.
1152 4507 1207 4557 oiro
1219 4522 1263 4556 rao
1278 4503 1282 4572 Ι
1297 4505 1455 4571 celsortior:

263 4589 323 4640 l'sr.
335 4606 384 4640 om·
398 4590 437 4640 nel
451 4587 455 4655 Ι
470 4592 543 4640 crede
556 4605 614 4641 cum
627 4591 698 4640 Vall.
712 4593 816 4658 scripsi.
842 4595 930 4643 linter
942 4593 1045 4642 credere
1058 4593 1195 4643 edebatur.
1210 4590 1214 4658 Ι
1228 4594 1285 4643 dite:
1297 4593 1355 4642 Par.
1366 4608 1416 4642 om.

331 4680 355 4726 3.
374 4675 414 4726 Cf.
426 4677 469 4726 Pr.
482 4677 581 4728 1161111.
596 4668 648 4736 111,'
664 4681 680 4727 2
697 4681 761 4728 614.
777 4676 781 4742 Ι
795 4679 898 4727 11161116.-
918 4678 976 4728 Per.
989 4679 1049 4728 edd.
1063 4697 1124 4729 611116
1139 4675 1289 4744 laevandum
1301 4684 1332 4728 ut
1344 4678 1413 4728 vall.
1427 4684 1455 4728 et

263 4760 331 4819 Par..
344 4762 419 4812 Febr.
433 4768 461 4813 ot
472 4763 542 4812 Thil.
555 4768 581 4813 et
591 4764 725 4813 seeundum
738 4763 743 4829 Ι
758 4765 816 4813 l'ar.
828 4765 867 4812 111
879 4765 940 4813 hoec
952 4764 998 4813 tibi
1010 4767 1132 4815 6111611116
1145 4781 1277 4829 eorumque
1288 4765 1385 4827 rigam
1396 4765 1454 4812 erit.

331 4845 377 4904 IV,
397 4849 419 4895 1.
443 4845 560 4896 Plurima
573 4863 603 4896 ex
617 4848 659 4896 1111
672 4848 812 4912 evangelio
826 4852 918 4897 nostro
931 4849 1040 4911 propria
1053 4855 1123 4898 runt.
1151 4854 1227 4911 putea
1238 4865 1290 4898 6111
1302 4853 1333 4897 nt
1345 4847 1414 4897 vau.
1428 4852 1456 4897 61

1202 4932 1242 4982 g·
