<?xml version="1.0" encoding="UTF-8"?>
<!DOCTYPE html PUBLIC "-//W3C//DTD XHTML 1.0 Transitional//EN"
    "http://www.w3.org/TR/xhtml1/DTD/xhtml1-transitional.dtd">
<html xmlns="http://www.w3.org/1999/xhtml" xml:lang="en" lang="en">
 <head>
  <title>
</title>
<meta http-equiv="Content-Type" content="text/html;charset=utf-8" />
  <meta name='ocr-system' content='tesseract 3.04.00' />
  <meta name='ocr-capabilities' content='ocr_page ocr_carea ocr_par ocr_line ocrx_word'/>
</head>
<body>
  <div class='ocr_page' id='page_1' title='image "./evangeliaapocry02tiscgoog_0078.png"; bbox 0 0 3458 5640; ppageno 0'>
   <div class='ocr_carea' id='block_1_1' title="bbox 682 572 1529 659">
    <p class='ocr_par' dir='ltr' id='par_1_1' title="bbox 682 572 1529 659">
     <span class='ocr_line' id='line_1_1' title="bbox 682 572 1529 659; baseline -0.004 -12"><span class='ocrx_word' id='word_1_1' title='bbox 682 596 953 649; x_wconf 80' lang='lat' dir='ltr'>rsonuoouaaa</span> <span class='ocrx_word' id='word_1_2' title='bbox 1284 572 1291 584; x_wconf 80' lang='grc'><strong>’</strong></span> <span class='ocrx_word' id='word_1_3' title='bbox 1328 611 1416 659; x_wconf 56' lang='lat' dir='ltr'>Lm</span> <span class='ocrx_word' id='word_1_4' title='bbox 1526 635 1529 644; x_wconf 91' lang='lat'>.</span> 
     </span>
    </p>
   </div>
   <div class='ocr_carea' id='block_1_2' title="bbox 217 746 1415 3852">
    <p class='ocr_par' dir='ltr' id='par_1_2' title="bbox 217 746 1414 1264">
     <span class='ocr_line' id='line_1_2' title="bbox 220 746 1414 816; baseline -0.002 -1"><span class='ocrx_word' id='word_1_5' title='bbox 220 754 254 815; x_wconf 92' lang='lat' dir='ltr'>et</span> <span class='ocrx_word' id='word_1_6' title='bbox 268 748 448 814; x_wconf 83' lang='lat' dir='ltr'>editionum</span> <span class='ocrx_word' id='word_1_7' title='bbox 468 771 545 815; x_wconf 91' lang='lat' dir='ltr'>raro</span> <span class='ocrx_word' id='word_1_8' title='bbox 563 750 697 815; x_wconf 87' lang='lat' dir='ltr'>notatis.</span> <span class='ocrx_word' id='word_1_9' title='bbox 739 747 808 816; x_wconf 86' lang='lat' dir='ltr'>Sub</span> <span class='ocrx_word' id='word_1_10' title='bbox 831 752 923 815; x_wconf 86' lang='lat' dir='ltr'>textu</span> <span class='ocrx_word' id='word_1_11' title='bbox 946 747 1193 814; x_wconf 80' lang='lat' dir='ltr'><strong>adnotationem</strong></span> <span class='ocrx_word' id='word_1_12' title='bbox 1215 746 1414 814; x_wconf 82' lang='lat' dir='ltr'><strong>uberrimam</strong></span> 
     </span>
     <span class='ocr_line' id='line_1_3' title="bbox 219 859 1413 946; baseline -0.001 -19"><span class='ocrx_word' id='word_1_13' title='bbox 219 861 403 927; x_wconf 75' lang='lat' dir='ltr'>eruditione</span> <span class='ocrx_word' id='word_1_14' title='bbox 417 861 549 945; x_wconf 90' lang='lat' dir='ltr'>plenam</span> <span class='ocrx_word' id='word_1_15' title='bbox 564 862 685 946; x_wconf 78' lang='lat' dir='ltr'>posuit,</span> <span class='ocrx_word' id='word_1_16' title='bbox 708 861 897 945; x_wconf 85' lang='lat' dir='ltr'>praemissis</span> <span class='ocrx_word' id='word_1_17' title='bbox 912 861 1154 945; x_wconf 77' lang='lat' dir='ltr'>prolegomenis</span> <span class='ocrx_word' id='word_1_18' title='bbox 1172 881 1245 945; x_wconf 87' lang='lat' dir='ltr'>pag.</span> <span class='ocrx_word' id='word_1_19' title='bbox 1255 859 1413 928; x_wconf 82' lang='lat' dir='ltr'>CXVIII</span> 
     </span>
     <span class='ocr_line' id='line_1_4' title="bbox 218 973 1414 1059; baseline 0.001 -20"><span class='ocrx_word' id='word_1_20' title='bbox 218 973 370 1057; x_wconf 81' lang='lat' dir='ltr'>-OLX,</span> <span class='ocrx_word' id='word_1_21' title='bbox 403 996 543 1057; x_wconf 90' lang='lat' dir='ltr'>quorum</span> <span class='ocrx_word' id='word_1_22' title='bbox 574 974 759 1057; x_wconf 89' lang='lat' dir='ltr'>posteriore</span> <span class='ocrx_word' id='word_1_23' title='bbox 790 979 885 1056; x_wconf 89' lang='lat' dir='ltr'>parte</span> <span class='ocrx_word' id='word_1_24' title='bbox 918 973 1006 1054; x_wconf 93' lang='lat' dir='ltr'>(inde</span> <span class='ocrx_word' id='word_1_25' title='bbox 1037 996 1057 1039; x_wconf 90' lang='lat' dir='ltr'>a</span> <span class='ocrx_word' id='word_1_26' title='bbox 1085 995 1160 1059; x_wconf 91' lang='lat' dir='ltr'>pag.</span> <span class='ocrx_word' id='word_1_27' title='bbox 1183 973 1342 1058; x_wconf 77' lang='lat' dir='ltr'>CXLII.)</span> <span class='ocrx_word' id='word_1_28' title='bbox 1373 975 1414 1040; x_wconf 88' lang='lat' dir='ltr'>de</span> 
     </span>
     <span class='ocr_line' id='line_1_5' title="bbox 217 1086 1414 1172; baseline 0.002 -21"><span class='ocrx_word' id='word_1_29' title='bbox 217 1087 422 1153; x_wconf 80' lang='lat' dir='ltr'>versionibus</span> <span class='ocrx_word' id='word_1_30' title='bbox 454 1087 592 1171; x_wconf 80' lang='lat' dir='ltr'>anglicis</span> <span class='ocrx_word' id='word_1_31' title='bbox 623 1086 865 1171; x_wconf 77' lang='lat' dir='ltr'>francogallicis</span> <span class='ocrx_word' id='word_1_32' title='bbox 896 1086 1019 1151; x_wconf 91' lang='lat' dir='ltr'>italicis</span> <span class='ocrx_word' id='word_1_33' title='bbox 1047 1088 1244 1172; x_wconf 87' lang='lat' dir='ltr'>germanicis</span> <span class='ocrx_word' id='word_1_34' title='bbox 1275 1088 1414 1171; x_wconf 89' lang='lat' dir='ltr'>aliisque</span> 
     </span>
     <span class='ocr_line' id='line_1_6' title="bbox 218 1200 380 1264; baseline -0.012 -1"><span class='ocrx_word' id='word_1_35' title='bbox 218 1200 380 1264; x_wconf 78' lang='lat' dir='ltr'>disseruit.</span> 
     </span>
    </p>

    <p class='ocr_par' dir='ltr' id='par_1_3' title="bbox 217 1306 1415 3406">
     <span class='ocr_line' id='line_1_7' title="bbox 303 1306 1414 1392; baseline -0.002 -17"><span class='ocrx_word' id='word_1_36' title='bbox 303 1310 458 1392; x_wconf 88' lang='lat' dir='ltr'>Denique</span> <span class='ocrx_word' id='word_1_37' title='bbox 487 1308 620 1373; x_wconf 84' lang='lat' dir='ltr'>nostri</span> <span class='ocrx_word' id='word_1_38' title='bbox 647 1306 772 1372; x_wconf 90' lang='lat' dir='ltr'>laboris</span> <span class='ocrx_word' id='word_1_39' title='bbox 796 1306 878 1372; x_wconf 90' lang='lat' dir='ltr'>haec</span> <span class='ocrx_word' id='word_1_40' title='bbox 900 1312 950 1373; x_wconf 92' lang='lat' dir='ltr'>est</span> <span class='ocrx_word' id='word_1_41' title='bbox 972 1308 1067 1373; x_wconf 90' lang='lat' dir='ltr'>ratio.</span> <span class='ocrx_word' id='word_1_42' title='bbox 1109 1308 1292 1392; x_wconf 84' lang='lat' dir='ltr'>Evangelio</span> <span class='ocrx_word' id='word_1_43' title='bbox 1314 1307 1414 1376; x_wconf 91' lang='lat' dir='ltr'>Nico·</span> 
     </span>
     <span class='ocr_line' id='line_1_8' title="bbox 218 1417 1413 1502; baseline 0 -18"><span class='ocrx_word' id='word_1_44' title='bbox 218 1419 318 1502; x_wconf 89' lang='lat' dir='ltr'>demi,</span> <span class='ocrx_word' id='word_1_45' title='bbox 350 1419 438 1501; x_wconf 89' lang='lat' dir='ltr'>quod</span> <span class='ocrx_word' id='word_1_46' title='bbox 465 1418 666 1482; x_wconf 87' lang='lat' dir='ltr'>recentiores</span> <span class='ocrx_word' id='word_1_47' title='bbox 694 1417 805 1482; x_wconf 86' lang='lat' dir='ltr'>invitis</span> <span class='ocrx_word' id='word_1_48' title='bbox 833 1418 999 1482; x_wconf 86' lang='lat' dir='ltr'>veteribus</span> <span class='ocrx_word' id='word_1_49' title='bbox 1027 1417 1134 1484; x_wconf 90' lang='lat' dir='ltr'>dicere</span> <span class='ocrx_word' id='word_1_50' title='bbox 1166 1425 1413 1501; x_wconf 81' lang='lat' dir='ltr'>consueverunt,</span> 
     </span>
     <span class='ocr_line' id='line_1_9' title="bbox 218 1528 1414 1614; baseline 0.001 -18"><span class='ocrx_word' id='word_1_51' title='bbox 218 1532 252 1596; x_wconf 91' lang='lat' dir='ltr'>in</span> <span class='ocrx_word' id='word_1_52' title='bbox 275 1531 356 1596; x_wconf 89' lang='lat' dir='ltr'>duas</span> <span class='ocrx_word' id='word_1_53' title='bbox 376 1569 418 1580; x_wconf 90' lang='lat'><em>-</em></span> <span class='ocrx_word' id='word_1_54' title='bbox 437 1535 475 1594; x_wconf 89' lang='lat' dir='ltr'>ut</span> <span class='ocrx_word' id='word_1_55' title='bbox 497 1530 584 1594; x_wconf 92' lang='lat' dir='ltr'>ratio</span> <span class='ocrx_word' id='word_1_56' title='bbox 609 1529 725 1594; x_wconf 89' lang='lat' dir='ltr'>critica</span> <span class='ocrx_word' id='word_1_57' title='bbox 746 1528 906 1594; x_wconf 80' lang='lat' dir='ltr'>suadebat</span> <span class='ocrx_word' id='word_1_58' title='bbox 929 1529 1016 1610; x_wconf 88' lang='lat' dir='ltr'>(vide</span> <span class='ocrx_word' id='word_1_59' title='bbox 1039 1537 1152 1613; x_wconf 91' lang='lat' dir='ltr'>supra)</span> <span class='ocrx_word' id='word_1_60' title='bbox 1171 1568 1211 1578; x_wconf 90' lang='lat'>-</span> <span class='ocrx_word' id='word_1_61' title='bbox 1226 1534 1338 1614; x_wconf 87' lang='lat' dir='ltr'>partos</span> <span class='ocrx_word' id='word_1_62' title='bbox 1361 1529 1414 1597; x_wconf 90' lang='lat' dir='ltr'>de·</span> 
     </span>
     <span class='ocr_line' id='line_1_10' title="bbox 218 1642 1413 1728; baseline 0.001 -20"><span class='ocrx_word' id='word_1_63' title='bbox 218 1644 352 1728; x_wconf 90' lang='lat' dir='ltr'>scripto,</span> <span class='ocrx_word' id='word_1_64' title='bbox 376 1643 410 1708; x_wconf 90' lang='lat' dir='ltr'>in</span> <span class='ocrx_word' id='word_1_65' title='bbox 426 1642 667 1727; x_wconf 86' lang='lat' dir='ltr'>distinguendis</span> <span class='ocrx_word' id='word_1_66' title='bbox 682 1642 927 1709; x_wconf 76' lang='lat' dir='ltr'>accensionibus</span> <span class='ocrx_word' id='word_1_67' title='bbox 944 1647 1054 1708; x_wconf 89' lang='lat' dir='ltr'>textus</span> <span class='ocrx_word' id='word_1_68' title='bbox 1075 1649 1109 1709; x_wconf 86' lang='lat' dir='ltr'>ct</span> <span class='ocrx_word' id='word_1_69' title='bbox 1130 1643 1241 1726; x_wconf 88' lang='lat' dir='ltr'>graeci</span> <span class='ocrx_word' id='word_1_70' title='bbox 1263 1649 1297 1710; x_wconf 90' lang='lat' dir='ltr'>et</span> <span class='ocrx_word' id='word_1_71' title='bbox 1317 1644 1413 1710; x_wconf 90' lang='lat' dir='ltr'>latini</span> 
     </span>
     <span class='ocr_line' id='line_1_11' title="bbox 219 1754 1414 1841; baseline -0.002 -18"><span class='ocrx_word' id='word_1_72' title='bbox 219 1778 351 1841; x_wconf 85' lang='lat' dir='ltr'>operam</span> <span class='ocrx_word' id='word_1_73' title='bbox 373 1757 553 1840; x_wconf 88' lang='lat' dir='ltr'>posuimus.</span> <span class='ocrx_word' id='word_1_74' title='bbox 597 1755 687 1821; x_wconf 91' lang='lat' dir='ltr'>Hinc</span> <span class='ocrx_word' id='word_1_75' title='bbox 709 1756 800 1821; x_wconf 90' lang='lat' dir='ltr'>Acta</span> <span class='ocrx_word' id='word_1_76' title='bbox 821 1754 924 1821; x_wconf 85' lang='lat' dir='ltr'>Pilati</span> <span class='ocrx_word' id='word_1_77' title='bbox 947 1777 1065 1839; x_wconf 86' lang='lat' dir='ltr'>graece</span> <span class='ocrx_word' id='word_1_78' title='bbox 1087 1756 1150 1839; x_wconf 89' lang='lat' dir='ltr'>bis,</span> <span class='ocrx_word' id='word_1_79' title='bbox 1177 1756 1279 1823; x_wconf 91' lang='lat' dir='ltr'>latine</span> <span class='ocrx_word' id='word_1_80' title='bbox 1301 1757 1414 1837; x_wconf 90' lang='lat' dir='ltr'>semel;</span> 
     </span>
     <span class='ocr_line' id='line_1_12' title="bbox 219 1867 1415 1958; baseline -0.003 -23"><span class='ocrx_word' id='word_1_81' title='bbox 219 1870 423 1935; x_wconf 90' lang='lat' dir='ltr'>Descensum</span> <span class='ocrx_word' id='word_1_82' title='bbox 445 1889 521 1933; x_wconf 81' lang='lat' dir='ltr'>vero</span> <span class='ocrx_word' id='word_1_83' title='bbox 546 1867 587 1934; x_wconf 89' lang='lat' dir='ltr'>ad</span> <span class='ocrx_word' id='word_1_84' title='bbox 609 1867 732 1933; x_wconf 85' lang='lat' dir='ltr'>inferos</span> <span class='ocrx_word' id='word_1_85' title='bbox 756 1868 806 1933; x_wconf 92' lang='lat' dir='ltr'>bis</span> <span class='ocrx_word' id='word_1_86' title='bbox 829 1868 941 1948; x_wconf 89' lang='lat' dir='ltr'>latine,</span> <span class='ocrx_word' id='word_1_87' title='bbox 964 1868 1064 1933; x_wconf 88' lang='lat' dir='ltr'>semel</span> <span class='ocrx_word' id='word_1_88' title='bbox 1087 1889 1212 1950; x_wconf 87' lang='lat' dir='ltr'>graece,</span> <span class='ocrx_word' id='word_1_89' title='bbox 1234 1889 1293 1935; x_wconf 89' lang='lat' dir='ltr'>suo</span> <span class='ocrx_word' id='word_1_90' title='bbox 1314 1869 1415 1958; x_wconf 91' lang='lat' dir='ltr'>quod·</span> 
     </span>
     <span class='ocr_line' id='line_1_13' title="bbox 220 1978 1414 2063; baseline -0.001 -19"><span class='ocrx_word' id='word_1_91' title='bbox 220 2001 284 2063; x_wconf 92' lang='lat' dir='ltr'>que</span> <span class='ocrx_word' id='word_1_92' title='bbox 307 1981 543 2045; x_wconf 86' lang='lat' dir='ltr'>commentario</span> <span class='ocrx_word' id='word_1_93' title='bbox 566 1983 712 2058; x_wconf 87' lang='lat' dir='ltr'>auctum,</span> <span class='ocrx_word' id='word_1_94' title='bbox 740 1978 938 2044; x_wconf 89' lang='lat' dir='ltr'>debebamus</span> <span class='ocrx_word' id='word_1_95' title='bbox 961 1978 1066 2045; x_wconf 90' lang='lat' dir='ltr'>edere.</span> <span class='ocrx_word' id='word_1_96' title='bbox 1110 1978 1220 2044; x_wconf 91' lang='lat' dir='ltr'>Huius</span> <span class='ocrx_word' id='word_1_97' title='bbox 1242 1980 1414 2062; x_wconf 87' lang='lat' dir='ltr'>utriusque</span> 
     </span>
     <span class='ocr_line' id='line_1_14' title="bbox 220 2090 1414 2174; baseline -0.002 -18"><span class='ocrx_word' id='word_1_98' title='bbox 220 2090 422 2157; x_wconf 89' lang='lat' dir='ltr'>recensionis</span> <span class='ocrx_word' id='word_1_99' title='bbox 446 2112 546 2174; x_wconf 91' lang='lat' dir='ltr'>quum</span> <span class='ocrx_word' id='word_1_100' title='bbox 573 2090 607 2154; x_wconf 94' lang='lat' dir='ltr'>in</span> <span class='ocrx_word' id='word_1_101' title='bbox 636 2090 764 2172; x_wconf 84' lang='lat' dir='ltr'>graecis</span> <span class='ocrx_word' id='word_1_102' title='bbox 791 2094 861 2154; x_wconf 91' lang='lat' dir='ltr'>tum</span> <span class='ocrx_word' id='word_1_103' title='bbox 884 2090 919 2155; x_wconf 92' lang='lat' dir='ltr'>in</span> <span class='ocrx_word' id='word_1_104' title='bbox 941 2090 1054 2155; x_wconf 88' lang='lat' dir='ltr'>latinis</span> <span class='ocrx_word' id='word_1_105' title='bbox 1077 2094 1205 2156; x_wconf 85' lang='lat' dir='ltr'>tantam</span> <span class='ocrx_word' id='word_1_106' title='bbox 1226 2111 1286 2173; x_wconf 91' lang='lat' dir='ltr'>per</span> <span class='ocrx_word' id='word_1_107' title='bbox 1308 2095 1414 2154; x_wconf 89' lang='lat' dir='ltr'>totum</span> 
     </span>
     <span class='ocr_line' id='line_1_15' title="bbox 219 2201 1414 2287; baseline -0.003 -17"><span class='ocrx_word' id='word_1_108' title='bbox 219 2209 346 2270; x_wconf 84' lang='lat' dir='ltr'>textum</span> <span class='ocrx_word' id='word_1_109' title='bbox 368 2225 439 2270; x_wconf 89' lang='lat' dir='ltr'>esse</span> <span class='ocrx_word' id='word_1_110' title='bbox 461 2202 680 2270; x_wconf 87' lang='lat' dir='ltr'>differentiam</span> <span class='ocrx_word' id='word_1_111' title='bbox 704 2223 743 2268; x_wconf 88' lang='lat' dir='ltr'>ac</span> <span class='ocrx_word' id='word_1_112' title='bbox 765 2202 1029 2286; x_wconf 86' lang='lat' dir='ltr'>peculiaritatem</span> <span class='ocrx_word' id='word_1_113' title='bbox 1053 2207 1090 2268; x_wconf 90' lang='lat' dir='ltr'>ut</span> <span class='ocrx_word' id='word_1_114' title='bbox 1111 2208 1229 2269; x_wconf 92' lang='lat' dir='ltr'>neutra</span> <span class='ocrx_word' id='word_1_115' title='bbox 1250 2201 1292 2268; x_wconf 88' lang='lat' dir='ltr'>ad</span> <span class='ocrx_word' id='word_1_116' title='bbox 1314 2223 1414 2287; x_wconf 91' lang='lat' dir='ltr'>appa·</span> 
     </span>
     <span class='ocr_line' id='line_1_16' title="bbox 220 2314 1415 2401; baseline -0.003 -18"><span class='ocrx_word' id='word_1_117' title='bbox 220 2321 328 2383; x_wconf 91' lang='lat' dir='ltr'>ratum</span> <span class='ocrx_word' id='word_1_118' title='bbox 351 2315 487 2383; x_wconf 88' lang='lat' dir='ltr'>alterius</span> <span class='ocrx_word' id='word_1_119' title='bbox 510 2322 586 2401; x_wconf 88' lang='lat' dir='ltr'>apte</span> <span class='ocrx_word' id='word_1_120' title='bbox 609 2314 760 2382; x_wconf 91' lang='lat' dir='ltr'>adhiberi</span> <span class='ocrx_word' id='word_1_121' title='bbox 783 2316 897 2399; x_wconf 85' lang='lat' dir='ltr'>possit,</span> <span class='ocrx_word' id='word_1_122' title='bbox 924 2316 986 2380; x_wconf 90' lang='lat' dir='ltr'>viri</span> <span class='ocrx_word' id='word_1_123' title='bbox 1009 2315 1230 2400; x_wconf 88' lang='lat' dir='ltr'>intelligentes</span> <span class='ocrx_word' id='word_1_124' title='bbox 1253 2315 1349 2381; x_wconf 85' lang='lat' dir='ltr'>facile</span> <span class='ocrx_word' id='word_1_125' title='bbox 1371 2315 1415 2380; x_wconf 86' lang='lat' dir='ltr'>vi·</span> 
     </span>
     <span class='ocr_line' id='line_1_17' title="bbox 221 2428 1414 2516; baseline 0 -21"><span class='ocrx_word' id='word_1_126' title='bbox 221 2429 351 2497; x_wconf 85' lang='lat' dir='ltr'>debunt.</span> <span class='ocrx_word' id='word_1_127' title='bbox 405 2430 554 2516; x_wconf 74' lang='lat' dir='ltr'>Qurarum</span> <span class='ocrx_word' id='word_1_128' title='bbox 586 2431 648 2496; x_wconf 91' lang='lat' dir='ltr'>etsi</span> <span class='ocrx_word' id='word_1_129' title='bbox 681 2434 799 2495; x_wconf 90' lang='lat' dir='ltr'>neutra</span> <span class='ocrx_word' id='word_1_130' title='bbox 830 2428 1026 2513; x_wconf 86' lang='lat' dir='ltr'>negligenda</span> <span class='ocrx_word' id='word_1_131' title='bbox 1057 2435 1107 2495; x_wconf 91' lang='lat' dir='ltr'>est</span> <span class='ocrx_word' id='word_1_132' title='bbox 1136 2429 1199 2496; x_wconf 91' lang='lat' dir='ltr'>hoc</span> <span class='ocrx_word' id='word_1_133' title='bbox 1229 2428 1414 2495; x_wconf 90' lang='lat' dir='ltr'>litterarum</span> 
     </span>
     <span class='ocr_line' id='line_1_18' title="bbox 219 2521 1414 2628; baseline -0.002 -19"><span class='ocrx_word' id='word_1_134' title='bbox 219 2521 429 2628; x_wconf 83' lang='lat' dir='ltr'>antiquitatis</span> <span class='ocrx_word' id='word_1_135' title='bbox 453 2543 664 2612; x_wconf 82' lang='lat' dir='ltr'>Christianae</span> <span class='ocrx_word' id='word_1_136' title='bbox 688 2564 790 2627; x_wconf 86' lang='lat' dir='ltr'>genus</span> <span class='ocrx_word' id='word_1_137' title='bbox 812 2542 966 2626; x_wconf 89' lang='lat' dir='ltr'>religiose</span> <span class='ocrx_word' id='word_1_138' title='bbox 989 2542 1184 2627; x_wconf 88' lang='lat' dir='ltr'>colentibus,</span> <span class='ocrx_word' id='word_1_139' title='bbox 1212 2548 1322 2608; x_wconf 90' lang='lat' dir='ltr'>tamen</span> <span class='ocrx_word' id='word_1_140' title='bbox 1347 2564 1414 2608; x_wconf 91' lang='lat' dir='ltr'>non</span> 
     </span>
     <span class='ocr_line' id='line_1_19' title="bbox 219 2654 1414 2739; baseline -0.002 -18"><span class='ocrx_word' id='word_1_141' title='bbox 219 2657 331 2722; x_wconf 92' lang='lat' dir='ltr'>dubito</span> <span class='ocrx_word' id='word_1_142' title='bbox 356 2657 435 2739; x_wconf 93' lang='lat' dir='ltr'>quin</span> <span class='ocrx_word' id='word_1_143' title='bbox 464 2657 673 2722; x_wconf 89' lang='lat' dir='ltr'>recensiones</span> <span class='ocrx_word' id='word_1_144' title='bbox 702 2678 722 2721; x_wconf 89' lang='lat' dir='ltr'>a</span> <span class='ocrx_word' id='word_1_145' title='bbox 750 2655 844 2720; x_wconf 89' lang='lat' dir='ltr'>nobis</span> <span class='ocrx_word' id='word_1_146' title='bbox 872 2654 954 2738; x_wconf 87' lang='lat' dir='ltr'>siglo</span> <span class='ocrx_word' id='word_1_147' title='bbox 978 2675 1000 2720; x_wconf 77' lang='lat' dir='ltr'>s</span> <span class='ocrx_word' id='word_1_148' title='bbox 1030 2654 1221 2739; x_wconf 88' lang='lat' dir='ltr'>insignitae,</span> <span class='ocrx_word' id='word_1_149' title='bbox 1252 2660 1358 2721; x_wconf 90' lang='lat' dir='ltr'>totum</span> <span class='ocrx_word' id='word_1_150' title='bbox 1385 2654 1414 2719; x_wconf 91' lang='lat' dir='ltr'>si</span> 
     </span>
     <span class='ocr_line' id='line_1_20' title="bbox 217 2765 1414 2851; baseline -0.002 -19"><span class='ocrx_word' id='word_1_151' title='bbox 217 2768 336 2834; x_wconf 89' lang='lat' dir='ltr'>librum</span> <span class='ocrx_word' id='word_1_152' title='bbox 358 2770 469 2851; x_wconf 91' lang='lat' dir='ltr'>potius</span> <span class='ocrx_word' id='word_1_153' title='bbox 493 2790 591 2850; x_wconf 90' lang='lat' dir='ltr'>quam</span> <span class='ocrx_word' id='word_1_154' title='bbox 614 2767 745 2850; x_wconf 88' lang='lat' dir='ltr'>singula</span> <span class='ocrx_word' id='word_1_155' title='bbox 767 2771 913 2849; x_wconf 88' lang='lat' dir='ltr'>spectas,</span> <span class='ocrx_word' id='word_1_156' title='bbox 940 2765 1175 2849; x_wconf 86' lang='lat' dir='ltr'>praeferendae</span> <span class='ocrx_word' id='word_1_157' title='bbox 1203 2766 1269 2830; x_wconf 93' lang='lat' dir='ltr'>sint</span> <span class='ocrx_word' id='word_1_158' title='bbox 1291 2765 1414 2831; x_wconf 89' lang='lat' dir='ltr'>alteris.</span> 
     </span>
     <span class='ocr_line' id='line_1_21' title="bbox 217 2876 1415 2960; baseline -0.003 -16"><span class='ocrx_word' id='word_1_159' title='bbox 217 2879 440 2944; x_wconf 89' lang='lat' dir='ltr'>Adhibuimus</span> <span class='ocrx_word' id='word_1_160' title='bbox 470 2882 581 2944; x_wconf 88' lang='lat' dir='ltr'>autem</span> <span class='ocrx_word' id='word_1_161' title='bbox 610 2877 651 2944; x_wconf 88' lang='lat' dir='ltr'>ad</span> <span class='ocrx_word' id='word_1_162' title='bbox 681 2899 793 2943; x_wconf 90' lang='lat' dir='ltr'>omnes</span> <span class='ocrx_word' id='word_1_163' title='bbox 820 2898 877 2942; x_wconf 89' lang='lat' dir='ltr'>sex</span> <span class='ocrx_word' id='word_1_164' title='bbox 903 2876 1032 2941; x_wconf 90' lang='lat' dir='ltr'>libellos</span> <span class='ocrx_word' id='word_1_165' title='bbox 1059 2876 1196 2960; x_wconf 91' lang='lat' dir='ltr'>antiqua</span> <span class='ocrx_word' id='word_1_166' title='bbox 1221 2876 1415 2942; x_wconf 91' lang='lat' dir='ltr'>documenta</span> 
     </span>
     <span class='ocr_line' id='line_1_22' title="bbox 218 2988 1413 3075; baseline -0.001 -21"><span class='ocrx_word' id='word_1_167' title='bbox 218 2991 355 3075; x_wconf 88' lang='lat' dir='ltr'>triginta</span> <span class='ocrx_word' id='word_1_168' title='bbox 377 3011 502 3074; x_wconf 86' lang='lat' dir='ltr'>novem,</span> <span class='ocrx_word' id='word_1_169' title='bbox 526 3011 665 3073; x_wconf 87' lang='lat' dir='ltr'>quorum</span> <span class='ocrx_word' id='word_1_170' title='bbox 688 2988 804 3074; x_wconf 87' lang='lat' dir='ltr'>viginti</span> <span class='ocrx_word' id='word_1_171' title='bbox 826 2989 860 3053; x_wconf 92' lang='lat' dir='ltr'>in</span> <span class='ocrx_word' id='word_1_172' title='bbox 882 3009 977 3053; x_wconf 91' lang='lat' dir='ltr'>usum</span> <span class='ocrx_word' id='word_1_173' title='bbox 1001 2988 1150 3054; x_wconf 92' lang='lat' dir='ltr'>criticum</span> <span class='ocrx_word' id='word_1_174' title='bbox 1173 2988 1316 3054; x_wconf 91' lang='lat' dir='ltr'>nondum</span> <span class='ocrx_word' id='word_1_175' title='bbox 1339 3009 1413 3053; x_wconf 92' lang='lat' dir='ltr'>con·</span> 
     </span>
     <span class='ocr_line' id='line_1_23' title="bbox 218 3099 1414 3184; baseline 0.001 -19"><span class='ocrx_word' id='word_1_176' title='bbox 218 3123 312 3168; x_wconf 87' lang='lat' dir='ltr'>versa</span> <span class='ocrx_word' id='word_1_177' title='bbox 342 3107 446 3168; x_wconf 88' lang='lat' dir='ltr'>erant.</span> <span class='ocrx_word' id='word_1_178' title='bbox 488 3101 664 3184; x_wconf 89' lang='lat' dir='ltr'>Nusquam</span> <span class='ocrx_word' id='word_1_179' title='bbox 692 3122 768 3166; x_wconf 81' lang='lat' dir='ltr'>vero</span> <span class='ocrx_word' id='word_1_180' title='bbox 796 3123 897 3166; x_wconf 92' lang='lat' dir='ltr'>unum</span> <span class='ocrx_word' id='word_1_181' title='bbox 924 3099 1069 3165; x_wconf 88' lang='lat' dir='ltr'>codicem</span> <span class='ocrx_word' id='word_1_182' title='bbox 1097 3101 1414 3183; x_wconf 78' lang='lat' dir='ltr'>repraesentavimus</span> 
     </span>
     <span class='ocr_line' id='line_1_24' title="bbox 220 3211 1414 3296; baseline -0.001 -19"><span class='ocrx_word' id='word_1_183' title='bbox 220 3213 382 3296; x_wconf 88' lang='lat' dir='ltr'>neglectis</span> <span class='ocrx_word' id='word_1_184' title='bbox 413 3213 563 3296; x_wconf 83' lang='lat' dir='ltr'>reliquis3</span> <span class='ocrx_word' id='word_1_185' title='bbox 595 3211 804 3295; x_wconf 89' lang='lat' dir='ltr'>sed.ubique</span> <span class='ocrx_word' id='word_1_186' title='bbox 837 3211 917 3276; x_wconf 87' lang='lat' dir='ltr'>data</span> <span class='ocrx_word' id='word_1_187' title='bbox 947 3216 998 3275; x_wconf 89' lang='lat' dir='ltr'>est</span> <span class='ocrx_word' id='word_1_188' title='bbox 1029 3232 1130 3294; x_wconf 88' lang='lat' dir='ltr'>opera</span> <span class='ocrx_word' id='word_1_189' title='bbox 1160 3217 1197 3275; x_wconf 91' lang='lat' dir='ltr'>ut</span> <span class='ocrx_word' id='word_1_190' title='bbox 1228 3216 1353 3277; x_wconf 89' lang='lat' dir='ltr'>textum</span> <span class='ocrx_word' id='word_1_191' title='bbox 1381 3217 1414 3276; x_wconf 90' lang='lat' dir='ltr'>et</span> 
     </span>
     <span class='ocr_line' id='line_1_25' title="bbox 219 3322 1098 3406; baseline -0.005 -16"><span class='ocrx_word' id='word_1_192' title='bbox 219 3324 469 3390; x_wconf 91' lang='lat' dir='ltr'>testatissimum</span> <span class='ocrx_word' id='word_1_193' title='bbox 492 3330 526 3389; x_wconf 90' lang='lat' dir='ltr'>et</span> <span class='ocrx_word' id='word_1_194' title='bbox 547 3322 687 3387; x_wconf 83' lang='lat' dir='ltr'>maxime</span> <span class='ocrx_word' id='word_1_195' title='bbox 711 3322 914 3406; x_wconf 90' lang='lat' dir='ltr'>probabilem</span> <span class='ocrx_word' id='word_1_196' title='bbox 937 3322 1098 3386; x_wconf 87' lang='lat' dir='ltr'>daremus.</span> 
     </span>
    </p>

    <p class='ocr_par' dir='ltr' id='par_1_4' title="bbox 218 3432 1412 3628">
     <span class='ocr_line' id='line_1_26' title="bbox 306 3432 1412 3517; baseline 0.001 -21"><span class='ocrx_word' id='word_1_197' title='bbox 306 3437 448 3497; x_wconf 83' lang='lat' dir='ltr'>Primum</span> <span class='ocrx_word' id='word_1_198' title='bbox 465 3435 566 3517; x_wconf 85' lang='lat' dir='ltr'>igitur</span> <span class='ocrx_word' id='word_1_199' title='bbox 582 3433 623 3497; x_wconf 88' lang='lat' dir='ltr'>ad</span> <span class='ocrx_word' id='word_1_200' title='bbox 639 3433 872 3499; x_wconf 88' lang='lat' dir='ltr'>recensendum</span> <span class='ocrx_word' id='word_1_201' title='bbox 889 3434 1104 3501; x_wconf 85' lang='lat' dir='ltr'>Gestorum</span> <span class='ocrx_word' id='word_1_202' title='bbox 1120 3432 1247 3497; x_wconf 90' lang='lat' dir='ltr'>Pilati</span> <span class='ocrx_word' id='word_1_203' title='bbox 1265 3438 1412 3497; x_wconf 85' lang='lat' dir='ltr'>textum</span> 
     </span>
     <span class='ocr_line' id='line_1_27' title="bbox 218 3543 947 3628; baseline -0.001 -20"><span class='ocrx_word' id='word_1_204' title='bbox 218 3565 404 3628; x_wconf 88' lang='lat' dir='ltr'>graecum</span> <span class='ocrx_word' id='word_1_205' title='bbox 426 3545 460 3609; x_wconf 87' lang='lat' dir='ltr'>A</span> <span class='ocrx_word' id='word_1_206' title='bbox 484 3544 534 3609; x_wconf 93' lang='lat' dir='ltr'>bis</span> <span class='ocrx_word' id='word_1_207' title='bbox 557 3544 608 3608; x_wconf 91' lang='lat' dir='ltr'>usi</span> <span class='ocrx_word' id='word_1_208' title='bbox 631 3565 742 3609; x_wconf 90' lang='lat' dir='ltr'>sumus</span> <span class='ocrx_word' id='word_1_209' title='bbox 766 3543 947 3609; x_wconf 88' lang='lat' dir='ltr'>codicibus:</span> 
     </span>
    </p>

    <p class='ocr_par' dir='ltr' id='par_1_5' title="bbox 260 3653 1413 3852">
     <span class='ocr_line' id='line_1_28' title="bbox 260 3653 1413 3723; baseline -0.001 -2"><span class='ocrx_word' id='word_1_210' title='bbox 260 3676 282 3721; x_wconf 79' lang='lat' dir='ltr'>s</span> <span class='ocrx_word' id='word_1_211' title='bbox 303 3654 324 3719; x_wconf 88' lang='lat' dir='ltr'>i.</span> <span class='ocrx_word' id='word_1_212' title='bbox 341 3676 367 3720; x_wconf 99' lang='lat' dir='ltr'>e.</span> <span class='ocrx_word' id='word_1_213' title='bbox 387 3655 516 3721; x_wconf 87' lang='lat' dir='ltr'>Monac.</span> <span class='ocrx_word' id='word_1_214' title='bbox 538 3654 682 3723; x_wconf 80' lang='lat' dir='ltr'>CXCII.</span> <span class='ocrx_word' id='word_1_215' title='bbox 705 3654 827 3722; x_wconf 89' lang='lat' dir='ltr'>saeculi</span> <span class='ocrx_word' id='word_1_216' title='bbox 850 3655 919 3720; x_wconf 87' lang='lat' dir='ltr'>fere</span> <span class='ocrx_word' id='word_1_217' title='bbox 942 3654 1047 3721; x_wconf 91' lang='lat' dir='ltr'>XIII.</span> <span class='ocrx_word' id='word_1_218' title='bbox 1092 3655 1133 3719; x_wconf 86' lang='lat' dir='ltr'>ln</span> <span class='ocrx_word' id='word_1_219' title='bbox 1156 3654 1293 3720; x_wconf 91' lang='lat' dir='ltr'>Hardtii</span> <span class='ocrx_word' id='word_1_220' title='bbox 1316 3653 1413 3721; x_wconf 83' lang='lat' dir='ltr'>Cata-</span> 
     </span>
     <span class='ocr_line' id='line_1_29' title="bbox 302 3766 1413 3852; baseline 0.001 -21"><span class='ocrx_word' id='word_1_221' title='bbox 302 3767 377 3849; x_wconf 89' lang='lat' dir='ltr'>logo</span> <span class='ocrx_word' id='word_1_222' title='bbox 402 3767 494 3833; x_wconf 92' lang='lat' dir='ltr'>codd.</span> <span class='ocrx_word' id='word_1_223' title='bbox 511 3790 585 3832; x_wconf 91' lang='lat' dir='ltr'>mss.</span> <span class='ocrx_word' id='word_1_224' title='bbox 601 3767 680 3836; x_wconf 91' lang='lat' dir='ltr'>bibl.</span> <span class='ocrx_word' id='word_1_225' title='bbox 695 3767 777 3852; x_wconf 87' lang='lat' dir='ltr'>Reg.</span> <span class='ocrx_word' id='word_1_226' title='bbox 793 3767 911 3832; x_wconf 88' lang='lat' dir='ltr'>Barar.</span> <span class='ocrx_word' id='word_1_227' title='bbox 935 3773 1010 3832; x_wconf 91' lang='lat' dir='ltr'>tom.</span> <span class='ocrx_word' id='word_1_228' title='bbox 1026 3766 1075 3832; x_wconf 92' lang='lat' dir='ltr'>II.</span> <span class='ocrx_word' id='word_1_229' title='bbox 1097 3788 1170 3850; x_wconf 88' lang='lat' dir='ltr'>pag.</span> <span class='ocrx_word' id='word_1_230' title='bbox 1186 3769 1248 3831; x_wconf 77' lang='lat'>259</span> <span class='ocrx_word' id='word_1_231' title='bbox 1266 3789 1337 3851; x_wconf 91' lang='lat' dir='ltr'>sqq.</span> <span class='ocrx_word' id='word_1_232' title='bbox 1360 3766 1413 3832; x_wconf 90' lang='lat' dir='ltr'>de-</span> 
     </span>
    </p>
   </div>
   <div class='ocr_carea' id='block_1_3' title="bbox 302 3877 1413 4050">
    <p class='ocr_par' dir='ltr' id='par_1_6' title="bbox 302 3877 1413 4050">
     <span class='ocr_line' id='line_1_30' title="bbox 303 3877 1413 3961; baseline -0.002 -19"><span class='ocrx_word' id='word_1_233' title='bbox 303 3878 446 3961; x_wconf 89' lang='lat' dir='ltr'>scriptus</span> <span class='ocrx_word' id='word_1_234' title='bbox 469 3885 528 3944; x_wconf 90' lang='lat' dir='ltr'>est.</span> <span class='ocrx_word' id='word_1_235' title='bbox 572 3878 696 3944; x_wconf 88' lang='lat' dir='ltr'>Deficit</span> <span class='ocrx_word' id='word_1_236' title='bbox 718 3879 826 3960; x_wconf 89' lang='lat' dir='ltr'>capite</span> <span class='ocrx_word' id='word_1_237' title='bbox 851 3877 929 3959; x_wconf 88' lang='lat' dir='ltr'>XV,</span> <span class='ocrx_word' id='word_1_238' title='bbox 952 3881 981 3942; x_wconf 88' lang='lat'>5.</span> <span class='ocrx_word' id='word_1_239' title='bbox 1006 3877 1081 3941; x_wconf 91' lang='lat' dir='ltr'>inde</span> <span class='ocrx_word' id='word_1_240' title='bbox 1104 3900 1124 3940; x_wconf 91' lang='lat' dir='ltr'>a</span> <span class='ocrx_word' id='word_1_241' title='bbox 1146 3879 1255 3941; x_wconf 89' lang='lat' dir='ltr'>vorbis</span> <span class='ocrx_word' id='word_1_242' title='bbox 1280 3879 1413 3941; x_wconf 73' lang='grc' dir='ltr'>ἐωελά-</span> 
     </span>
     <span class='ocr_line' id='line_1_31' title="bbox 302 3989 453 4050; baseline 0.007 -2"><span class='ocrx_word' id='word_1_243' title='bbox 302 3996 383 4050; x_wconf 77' lang='lat' dir='ltr'>ssero</span> <span class='ocrx_word' id='word_1_244' title='bbox 407 3989 453 4050; x_wconf 86' lang='grc' dir='ltr'>δέ.</span> 
     </span>
    </p>
   </div>
   <div class='ocr_carea' id='block_1_4' title="bbox 259 4096 1414 4741">
    <p class='ocr_par' dir='ltr' id='par_1_7' title="bbox 259 4096 1414 4406">
     <span class='ocr_line' id='line_1_32' title="bbox 259 4096 1413 4180; baseline 0.002 -19"><span class='ocrx_word' id='word_1_245' title='bbox 259 4117 281 4161; x_wconf 87' lang='lat' dir='ltr'>a</span> <span class='ocrx_word' id='word_1_246' title='bbox 305 4097 324 4161; x_wconf 95' lang='lat' dir='ltr'>i.</span> <span class='ocrx_word' id='word_1_247' title='bbox 340 4119 366 4162; x_wconf 94' lang='lat' dir='ltr'>e.</span> <span class='ocrx_word' id='word_1_248' title='bbox 381 4097 512 4162; x_wconf 89' lang='lat' dir='ltr'>Monac.</span> <span class='ocrx_word' id='word_1_249' title='bbox 523 4096 747 4164; x_wconf 85' lang='lat' dir='ltr'>OOLXXVI.</span> <span class='ocrx_word' id='word_1_250' title='bbox 764 4099 886 4162; x_wconf 86' lang='lat' dir='ltr'>saeculi</span> <span class='ocrx_word' id='word_1_251' title='bbox 903 4098 971 4162; x_wconf 86' lang='lat' dir='ltr'>lere</span> <span class='ocrx_word' id='word_1_252' title='bbox 987 4096 1073 4162; x_wconf 86' lang='lat' dir='ltr'>XII.</span> <span class='ocrx_word' id='word_1_253' title='bbox 1089 4096 1302 4180; x_wconf 66' lang='lat' dir='ltr'>Hardtiusin</span> <span class='ocrx_word' id='word_1_254' title='bbox 1319 4097 1413 4163; x_wconf 81' lang='lat' dir='ltr'>Cata·</span> 
     </span>
     <span class='ocr_line' id='line_1_33' title="bbox 303 4206 1414 4293; baseline 0.002 -21"><span class='ocrx_word' id='word_1_255' title='bbox 303 4207 379 4291; x_wconf 92' lang='lat' dir='ltr'>logo</span> <span class='ocrx_word' id='word_1_256' title='bbox 403 4228 462 4273; x_wconf 93' lang='lat' dir='ltr'>suo</span> <span class='ocrx_word' id='word_1_257' title='bbox 485 4214 565 4274; x_wconf 90' lang='lat' dir='ltr'>torn.</span> <span class='ocrx_word' id='word_1_258' title='bbox 579 4207 646 4273; x_wconf 88' lang='lat'>111.</span> <span class='ocrx_word' id='word_1_259' title='bbox 669 4230 699 4292; x_wconf 91' lang='lat' dir='ltr'>p.</span> <span class='ocrx_word' id='word_1_260' title='bbox 719 4209 778 4273; x_wconf 80' lang='lat'>140</span> <span class='ocrx_word' id='word_1_261' title='bbox 795 4230 866 4293; x_wconf 88' lang='lat' dir='ltr'>sqq.</span> <span class='ocrx_word' id='word_1_262' title='bbox 891 4207 1075 4291; x_wconf 91' lang='lat' dir='ltr'>descripsit.</span> <span class='ocrx_word' id='word_1_263' title='bbox 1120 4206 1245 4290; x_wconf 92' lang='lat' dir='ltr'>Incipit</span> <span class='ocrx_word' id='word_1_264' title='bbox 1267 4231 1287 4274; x_wconf 88' lang='lat' dir='ltr'>a</span> <span class='ocrx_word' id='word_1_265' title='bbox 1309 4209 1414 4275; x_wconf 91' lang='lat' dir='ltr'>verbis</span> 
     </span>
     <span class='ocr_line' id='line_1_34' title="bbox 303 4319 1154 4406; baseline 0.001 -23"><span class='ocrx_word' id='word_1_266' title='bbox 303 4343 350 4383; x_wconf 84' lang='lat' dir='ltr'>-or</span> <span class='ocrx_word' id='word_1_267' title='bbox 373 4323 550 4405; x_wconf 76' lang='grc' dir='ltr'>λέγομτεσ</span> <span class='ocrx_word' id='word_1_268' title='bbox 571 4320 666 4406; x_wconf 83' lang='grc' dir='ltr'>ωρὸσ</span> <span class='ocrx_word' id='word_1_269' title='bbox 689 4321 870 4406; x_wconf 84' lang='grc' dir='ltr'>κούρσωροι</span> <span class='ocrx_word' id='word_1_270' title='bbox 896 4321 971 4404; x_wconf 88' lang='lat' dir='ltr'>(sic)</span> <span class='ocrx_word' id='word_1_271' title='bbox 996 4342 1065 4404; x_wconf 91' lang='lat' dir='ltr'>cap.</span> <span class='ocrx_word' id='word_1_272' title='bbox 1082 4319 1110 4402; x_wconf 86' lang='lat' dir='ltr'>I,</span> <span class='ocrx_word' id='word_1_273' title='bbox 1125 4322 1154 4385; x_wconf 78' lang='lat'>4.</span> 
     </span>
    </p>

    <p class='ocr_par' dir='ltr' id='par_1_8' title="bbox 343 4431 1413 4741">
     <span class='ocr_line' id='line_1_35' title="bbox 368 4431 1412 4517; baseline 0.003 -21"><span class='ocrx_word' id='word_1_274' title='bbox 368 4431 517 4516; x_wconf 89' lang='lat' dir='ltr'>Uterque</span> <span class='ocrx_word' id='word_1_275' title='bbox 541 4433 645 4498; x_wconf 88' lang='lat' dir='ltr'>codex</span> <span class='ocrx_word' id='word_1_276' title='bbox 668 4434 896 4517; x_wconf 89' lang='lat' dir='ltr'>Monacensis,</span> <span class='ocrx_word' id='word_1_277' title='bbox 918 4433 1143 4500; x_wconf 86' lang='lat' dir='ltr'>intercedente</span> <span class='ocrx_word' id='word_1_278' title='bbox 1166 4433 1321 4499; x_wconf 88' lang='lat' dir='ltr'>benevole</span> <span class='ocrx_word' id='word_1_279' title='bbox 1343 4435 1412 4499; x_wconf 81' lang='lat' dir='ltr'>viro</span> 
     </span>
     <span class='ocr_line' id='line_1_36' title="bbox 344 4543 1413 4632; baseline 0.005 -24"><span class='ocrx_word' id='word_1_280' title='bbox 344 4543 567 4612; x_wconf 89' lang='lat' dir='ltr'>illustrissimo</span> <span class='ocrx_word' id='word_1_281' title='bbox 594 4545 634 4613; x_wconf 89' lang='lat' dir='ltr'>de</span> <span class='ocrx_word' id='word_1_282' title='bbox 656 4545 759 4629; x_wconf 85' lang='lat' dir='ltr'>Base,</span> <span class='ocrx_word' id='word_1_283' title='bbox 787 4547 898 4632; x_wconf 89' lang='lat' dir='ltr'>legato</span> <span class='ocrx_word' id='word_1_284' title='bbox 928 4547 1016 4630; x_wconf 90' lang='lat' dir='ltr'>regis</span> <span class='ocrx_word' id='word_1_285' title='bbox 1041 4545 1204 4613; x_wconf 82' lang='lat' dir='ltr'>Saxoniae</span> <span class='ocrx_word' id='word_1_286' title='bbox 1233 4545 1275 4611; x_wconf 90' lang='lat' dir='ltr'>ad</span> <span class='ocrx_word' id='word_1_287' title='bbox 1304 4546 1413 4613; x_wconf 90' lang='lat' dir='ltr'>aulam</span> 
     </span>
     <span class='ocr_line' id='line_1_37' title="bbox 343 4657 1413 4741; baseline 0.003 -20"><span class='ocrx_word' id='word_1_288' title='bbox 343 4657 466 4740; x_wconf 86' lang='lat' dir='ltr'>regiam</span> <span class='ocrx_word' id='word_1_289' title='bbox 483 4657 727 4740; x_wconf 82' lang='lat' dir='ltr'>Monacensenr,</span> <span class='ocrx_word' id='word_1_290' title='bbox 750 4659 784 4724; x_wconf 90' lang='lat' dir='ltr'>in</span> <span class='ocrx_word' id='word_1_291' title='bbox 806 4680 900 4724; x_wconf 87' lang='lat' dir='ltr'>usum</span> <span class='ocrx_word' id='word_1_292' title='bbox 924 4680 1031 4723; x_wconf 91' lang='lat' dir='ltr'>meum</span> <span class='ocrx_word' id='word_1_293' title='bbox 1054 4660 1173 4724; x_wconf 88' lang='lat' dir='ltr'>missus</span> <span class='ocrx_word' id='word_1_294' title='bbox 1192 4664 1243 4724; x_wconf 90' lang='lat' dir='ltr'>est</span> <span class='ocrx_word' id='word_1_295' title='bbox 1256 4657 1413 4741; x_wconf 86' lang='lat' dir='ltr'>Lipsiam.</span> 
     </span>
    </p>
   </div>
   <div class='ocr_carea' id='block_1_5' title="bbox 0 0 1734 5640">
    <p class='ocr_par' dir='ltr' id='par_1_9' title="bbox 0 0 1734 5640">
     <span class='ocr_line' id='line_1_38' title="bbox 0 0 1734 5640; baseline 0 0"><span class='ocrx_word' id='word_1_296' title='bbox 0 0 1734 5640; x_wconf 95' lang='lat' dir='ltr'> </span> 
     </span>
    </p>
   </div>
  </div>
 </body>
</html>
