3458 5640
644 650 646 655 ,
694 613 803 664 susm
822 613 948 666 rmum
972 614 1029 664 xv.
1401 608 1463 673 379

267 765 339 831 iem.
382 764 430 829 Et
455 769 671 830 occurrerunt
694 762 724 830 ei
747 763 889 847 populus
912 762 1018 828 omnis
1041 763 1223 828 clamantes
1247 768 1281 827 et
1304 761 1464 828 dicentes:

265 870 337 936 Pax
367 869 402 934 in
431 869 570 936 introitu
602 876 675 950 tuo,
707 873 803 952 pater
830 868 961 952 Ioseph.
1006 867 1135 953 Quibus
1166 865 1368 950 respondens
1400 865 1464 931 ait:

266 973 337 1039 Pax
361 972 483 1038 domini
511 973 600 1038 omni
627 974 758 1057 populo.
802 973 850 1038 Et
877 972 1018 1040 osculati
1048 978 1126 1037 sunt
1152 993 1227 1037 eum
1254 993 1374 1037 omnes.
1418 971 1466 1036 Et

266 1083 443 1143 oraverunt
471 1098 545 1141 cum
567 1075 705 1159 Ioseph,
732 1083 767 1142 et
794 1076 1058 1160 expavescebant
1083 1075 1117 1139 in
1139 1073 1265 1140 visione
1293 1073 1373 1138 eius.
1417 1073 1466 1137 lit

265 1177 411 1260 suscepit
437 1199 511 1243 eum
533 1176 735 1243 Nicodemus
761 1178 796 1242 in
819 1178 950 1243 domum
978 1199 1084 1258 suam,
1114 1182 1147 1242 et
1174 1175 1253 1242 fecit
1280 1175 1464 1241 convivium

264 1300 433 1362 magnum,
464 1286 497 1345 et
523 1280 655 1346 vocavit
675 1281 811 1346 Annam
840 1286 874 1346 et
896 1279 1058 1363 caipham
1086 1285 1121 1346 et
1147 1279 1293 1344 seniores
1321 1283 1354 1342 et
1375 1277 1464 1360 prin·

264 1384 353 1466 cipes
377 1383 586 1450 sacerdotum
609 1390 643 1449 et
663 1383 800 1450 Levitae
822 1385 857 1449 in
880 1384 1011 1449 domum
1034 1405 1137 1448 suam.
1180 1383 1227 1448 Et
1253 1383 1361 1447 iocum
1384 1380 1464 1446 dan-

264 1494 315 1554 tes
353 1493 387 1554 et
422 1487 660 1554 manducantes
699 1494 733 1554 et
768 1488 919 1555 bibentes
956 1511 1030 1554 cum
1067 1487 1189 1572 Ioseph
1225 1486 1465 1552 benedixerunt

265 1592 374 1674 deum,
403 1597 437 1657 et
462 1591 524 1657 ivit
551 1592 780 1676 unusquisque
806 1592 841 1657 in
865 1592 996 1659 domum
1025 1613 1128 1658 suam.
1170 1589 1294 1675 Ioseph
1315 1611 1391 1656 vero
1414 1611 1464 1656 re·
1566 1675 1568 1678 Ι

264 1697 388 1764 mansit
408 1697 444 1763 in
467 1696 562 1764 domo
584 1696 769 1764 Nicodemi.
1155 1706 1156 1709 ’

351 1817 432 1884 Alia
452 1824 563 1884 autem
579 1817 641 1901 die,
665 1840 751 1903 quae
766 1823 817 1884 est
832 1838 1018 1902 parasceve,
1040 1816 1262 1901 vigilaverunt
1277 1814 1465 1882 sacerdotes

267 1927 301 1986 et
322 1920 604 2005 archisynagogae
627 1926 661 1988 et
674 1920 814 1986 Levitae
829 1925 1056 2003 veneruntque
1079 1918 1122 1985 ad
1138 1918 1269 1984 domum
1282 1916 1465 1984 Nicodemi.

266 2023 314 2088 Et
328 2025 472 2089 occurrit
486 2024 552 2089 illis
567 2022 768 2089 Nicodemus
784 2029 818 2088 et
834 2023 918 2087 dixit
932 2023 1011 2087 illis:
1029 2022 1103 2087 Pax
1118 2021 1218 2086 vobis.
1250 2021 1297 2087 Et
1313 2021 1466 2086 dixerunt

267 2125 310 2191 ad
326 2147 413 2191 eum:
436 2126 508 2191 Pax
526 2126 588 2192 tibi
611 2132 645 2191 et
658 2124 789 2208 Ioseph,
813 2132 847 2191 et
863 2125 973 2190 domui
988 2129 1066 2190 tuae
1082 2129 1116 2190 et
1132 2123 1242 2188 domui
1257 2122 1388 2207 Iosepb
1420 2122 1466 2188 Et

267 2374 366 2424 asinaeo
382 2389 454 2424 nam
471 2373 498 2437 (e
516 2389 604 2438 equam
620 2372 702 2435 mem)
724 2378 774 2424 los.
794 2372 839 2435 (Βο
857 2371 910 2438 om)
929 2377 954 2422 et
972 2372 1036 2422 emb.
1056 2388 1110 2421 caere
1128 2371 1184 2422 illis
1200 2370 1246 2434 (uc
1265 2372 1331 2422 hsec
1350 2371 1418 2435 om),
1441 2374 1466 2419 et

269 2461 330 2510 intr.
349 2459 378 2523 (Β
396 2461 461 2510 obiit
478 2476 533 2509 cem
550 2461 627 2518 oie-ier
648 2460 752 2510 evenit
770 2459 908 2523 cumillis)
926 2460 953 2508 ie
971 2459 1019 2509 cio.
1033 2476 1072 2509 sa.
1092 2457 1121 2522 (Β
1139 2474 1181 2509 om
1200 2458 1248 2508 cs'e.
1262 2456 1314 2520 sa.)
1333 2460 1386 2508 rer.
1407 2474 1465 2508 cum

267 2560 320 2599 mc
339 2583 369 2598 ..
388 2536 450 2599 „ae
465 2547 531 2597 Ata
548 2551 632 2596 suem
649 2547 691 2598 as
709 2547 846 2596 meacm
862 2547 916 2596 102.
929 2545 1027 2595 aava
1044 2561 1115 2595 m
1132 2544 1272 2595 manat
1287 2531 1343 2594 tem
1359 2544 1423 2605 scio,
1441 2549 1467 2595 a

262 2637 434 2695 perrexerant
446 2631 491 2695 (11⁰
500 2631 646 2695 pervener.)
659 2634 686 2680 ie
698 2635 743 2681 les·
756 2667 763 2680 .
777 2667 783 2681 .
798 2631 859 2681 odpr
871 2631 913 2680 dic
924 2634 965 2681 11.
975 2645 1107 2694 perveser-
1120 2631 1148 2679 is
1160 2632 1212 2680 les.
1230 2628 1235 2691 Ι
1250 2629 1289 2679 m
1301 2624 1467 2679 occurrerent

266 2719 312 2782 (nc
331 2720 404 2782 erit)
423 2719 447 2768 εἰ
465 2733 529 2783 pop.
549 2735 613 2768 ome.
634 2719 662 2781 (Β
677 2734 739 2783 pop.
758 2718 784 2766 is
802 2717 905 2781 tereph)
928 2734 987 2768 cum
1005 2728 1058 2769 no
1077 2752 1106 2767 ..
1126 2705 1189 2768 1)·1)ο
1206 2717 1245 2766 Et
1262 2733 1318 2765 cem
1334 2716 1465 2765 nedissmt

263 2807 325 2855 saec
343 2821 426 2855 censes
438 2806 536 2864 Iudaei,
553 2808 719 2855 occurrerunt
737 2806 760 2854 εἰ
777 2805 884 2855 obuiam.
914 2804 983 2854 Item
997 2803 1058 2854 edpr
1069 2806 1280 2869 oecsnmetqse
1292 2820 1376 2855 omem
1387 2804 1445 2852 led.
1458 2799 1463 2868 Ι

264 2893 339 2942 elaea.
354 2895 378 2941 ct
395 2893 447 2941 dic.
461 2894 519 2942 Pac
536 2893 564 2941 ι’»
581 2894 643 2942 intr.
656 2895 699 2942 tuo
717 2891 769 2956 (ite
781 2892 902 2953 D⁰ed1²‘;
921 2880 969 2943 Βιδ
986 2892 1015 2941 e's
1032 2892 1164 2943 introitum
1181 2891 1260 2954 aem)
1278 2921 1288 2932 -
1310 2890 1384 2953 Quis.
1395 2907 1464 2957 resp.

264 2978 303 3026 aa
322 2975 396 3040 (eurr
416 2976 491 3039 ouis.
511 2976 613 3040 nepa)
631 2978 690 3027 1²02
707 2977 802 3027 amsa
820 2976 892 3041 (eurr
910 2976 964 3042 om)
983 3006 993 3017 .
1011 2992 1064 3026 am
1082 2992 1165 3027 ms
1188 2985 1247 3027 cum
1270 2964 1332 3027 n·b⁰
1351 2976 1412 3028 sorr
1431 3011 1463 3027 ..

265 3077 318 3116 nuc
335 3079 377 3113 om
404 3061 409 3126 1
435 3065 474 3113 Et
492 3080 593 3114 aseer.
614 3064 643 3126 (Β
660 3064 756 3127 oravit)
780 3079 834 3113 ems
857 3062 887 3126 (u
904 3080 962 3125 om;
984 3062 1084 3126 neem)
1102 3064 1208 3130 Ioseph,
1234 3067 1260 3114 et
1282 3080 1340 3128 esp.
1360 3062 1388 3126 (c
1405 3079 1463 3128 esp.

265 3148 359 3212 aetem)
377 3149 404 3197 ies
421 3149 468 3198 vis.
482 3149 536 3198 ciue
553 3149 580 3213 (c
598 3165 682 3199 emm
699 3149 852 3214 aspicimus
868 3148 932 3224 cess)
952 3164 1010 3200 cnm
1028 3161 1081 3201 ΔΒο
1094 3184 1121 3199 ..
1140 3149 1238 3214 reliqui
1257 3165 1299 3199 om
1314 3147 1319 3212 Ι
1334 3150 1373 3199 nt
1383 3165 1464 3199 mcc-

261 3237 304 3301 pit
321 3267 331 3277 ·
344 3238 477 3301 principes
494 3237 653 3287 sacerdotem
665 3236 716 3300 (its
728 3238 810 3288 etism
823 3250 854 3297 ος
872 3236 1057 3299 neocerdotcs)
1075 3266 1086 3276 ·
1104 3236 1143 3285 Ee
1159 3237 1240 3286 s'ocem
1257 3237 1349 3286 dantes
1366 3238 1391 3286 et
1404 3235 1464 3300 (pro

265 3323 308 3373 his
321 3335 339 3372 Β
357 3325 382 3371 ct
395 3320 451 3388 [in]
468 3323 547 3371 iocum
559 3323 616 3372 daei
633 3325 691 3372 ms
709 3322 846 3385 laetantes)
863 3323 949 3371 mand.
963 3323 988 3371 ct
1006 3321 1054 3371 eie.
1069 3336 1122 3370 esen
1135 3324 1186 3372 los.
1201 3319 1261 3386 (pro
1279 3325 1304 3370 et
1322 3322 1403 3372 iocum
1420 3325 1465 3372 etc

265 3424 281 3463 c
300 3425 400 3475 cumque
416 3412 556 3475 perfeetum
573 3413 637 3461 essct
656 3409 803 3475 concivium)
822 3410 935 3460 benedis.
955 3409 984 3469 (Β
1002 3407 1135 3472 dicentes)
1153 3411 1227 3459 dcem
1244 3413 1269 3459 ct
1286 3439 1296 3450 ·
1314 3410 1378 3459 dom.
1394 3424 1465 3458 seam

265 3497 293 3559 (c
311 3497 483 3546 benedicentes
500 3499 572 3546 &um
588 3496 766 3563 recesserunt).
804 3498 894 3560 loseph
911 3512 970 3546 cero
988 3525 998 3536 -
1016 3495 1075 3545 Nic.
1096 3493 1174 3557 (hese
1192 3508 1240 3555 1³03
1259 3511 1276 3548 Δ
1295 3495 1348 3556 orn)
1368 3509 1426 3545 cnm
1438 3511 1464 3554 Α,

264 3581 330 3631 item
352 3593 385 3631 nc
405 3617 432 3631 ..
451 3570 513 3632 n⁸b⁰
531 3582 569 3630 Et
586 3582 695 3646 suscepit
712 3596 766 3630 esen
784 3580 843 3630 Nic.
857 3581 885 3629 ie
902 3581 968 3630 dees.
982 3593 1061 3639 mes,
1071 3580 1178 3644 sasione
1195 3596 1311 3643 meysam
1328 3580 1464 3645 susceptio·

263 3683 327 3717 ηοω.
364 3667 435 3717 Item
456 3666 517 3717 edpr
534 3669 691 3733 succepitque
709 3683 762 3717 crea
780 3667 839 3717 Mc.
852 3667 880 3715 ia
897 3666 924 3716 d.
938 3680 1017 3715 mm.

330 3768 397 3817 Alia
414 3771 495 3817 amm
513 3768 557 3830 (ex
574 3781 623 3828 nc;
641 3783 659 3820 n
671 3769 726 3832 om)
745 3769 794 3826 die,
814 3783 877 3833 quoe
895 3770 932 3817 est
946 3783 1065 3831 perosa,
1082 3766 1189 3831 vigilan.
1208 3796 1218 3807 ·
1237 3768 1271 3817 ed
1288 3768 1355 3818 dom.
1370 3769 1463 3820 Mcod.

263 3871 321 3906 cnm
341 3871 368 3907 Α.
405 3856 474 3905 Item
488 3868 521 3908 nc
538 3856 603 3905 Atia
621 3859 675 3905 oui.
689 3856 732 3905 dic
748 3859 869 3905 veneunt
886 3871 940 3905 sec.
954 3858 979 3904 st
997 3855 1192 3921 welkysogoqi
1209 3857 1235 3906 ct
1246 3855 1308 3905 Leo.
1322 3855 1380 3920 (pro
1394 3857 1465 3909 hiso

259 3942 391 4003 praeces
404 3942 538 4006 principes
555 3941 717 4002 namma
736 3942 771 3990 aa
788 3943 854 3991 aa.
873 3942 933 3992 ae.
955 3977 961 3991 .
983 3977 990 3991 .
1010 3930 1072 3992 „ta
1090 3939 1152 3992 eser
1171 3940 1464 4007 Alia(e‹11²¹Posem)

263 4031 345 4076 aorem
357 4026 431 4090 (edpr
444 4028 496 4092 om)
509 4029 551 4077 dic
565 4044 672 4090 pereso.
686 4027 760 4091 (edpr
772 4028 839 4090 om)=
859 4029 910 4077 iem
924 4043 986 4078 sero
1005 4029 1099 4078 stetim
1118 4031 1277 4092 sequuntur,
1297 4045 1364 4093 quse
1378 4031 1464 4080 multo

262 4117 326 4175 post
338 4112 366 4161 in
381 4116 473 4160 nostro
487 4114 563 4161 textu
576 4112 719 4170 habentur,
732 4113 801 4161 Ans.
815 4116 840 4160 et
854 4112 942 4176 vaips.
957 4115 981 4161 ci
994 4112 1052 4163 Nic.
1065 4114 1146 4162 diser.
1160 4113 1194 4161 ad
1207 4114 1299 4177 Ioseph
1311 4114 1356 4162 Do
1367 4116 1462 4178 cosses·

262 4197 356 4246 sionem
365 4200 419 4245 etc.
434 4196 514 4244 Plurs
527 4196 610 4261 igitur
623 4196 651 4246 hi
662 4194 742 4247 codd.
753 4196 983 4260 praetermittunt.
1000 4193 1005 4260 Ι
1021 4198 1059 4245 Ie't
1070 4213 1122 4247 occ.
1135 4196 1191 4247 illis
1200 4197 1257 4247 Mc.
1270 4196 1364 4259 (codex
1376 4201 1460 4263 Iosep.

264 4282 376 4332 Scilicet
388 4284 463 4343 Iosep
482 4295 529 4343 pro
542 4282 586 4344 -pb
604 4282 760 4345 plerumque
779 4281 881 4330 hebent
893 4280 952 4344 su.)
969 4310 980 4322 ·
996 4282 1055 4331 Poe
1073 4283 1120 4331 ts'be'
1137 4285 1162 4331 ct
1174 4285 1225 4333 los.
1238 4280 1333 4344 (codex
1346 4282 1404 4331 Pae
1416 4283 1464 4332 tibi

265 4372 338 4433 Iosep
348 4366 452 4431 eruic.)
466 4369 491 4418 et
503 4367 612 4417 demde.
621 4368 779 4418 etdomdos.
791 4367 886 4425 (codex
897 4383 988 4417 rursus
996 4368 1136 4419 Mcodeme'.
1168 4371 1205 4418 lix
1224 4385 1299 4434 seqq.
1313 4369 1412 4419 clerum
1431 4369 1463 4419 flt

265 4454 373 4503 nemius
382 4451 493 4517 Iosephi
506 4457 535 4502 et
544 4450 683 4502 Nicodemi
697 4451 739 4501 his
752 4451 819 4502 locis
832 4467 847 4500 e
860 4452 977 4501 librariis
991 4449 1131 4519 [ceddum]
1142 4454 1253 4503 confuse
1266 4468 1332 4504 esse.
1351 4451 1463 4504 Accedit

264 4541 354 4587 textus
367 4536 455 4601 groeci
470 4535 677 4595 testimonium.)
691 4551 750 4586 cum
763 4550 793 4593 ις
811 4535 876 4585 item
889 4548 906 4585 Β
918 4536 956 4584 Et
968 4551 1019 4585 occ.
1032 4536 1088 4584 illis
1099 4536 1186 4586 diceas
1196 4538 1255 4586 Poe
1266 4536 1344 4587 vobis.
1369 4536 1408 4586 nt
1419 4535 1463 4587 eui

264 4624 442 4687 respondentes
453 4623 507 4671 dic.
539 4623 598 4671 Poe
614 4622 662 4671 libi
678 4625 703 4671 et
714 4623 799 4671 domui
813 4623 880 4683 aas,
898 4626 922 4672 st
934 4622 1070 4672 Nicodcmo
1082 4627 1107 4673 ct
1119 4624 1274 4673 domnicius.
1306 4636 1395 4675 oveco
1408 4624 1461 4674 sic:

264 4709 303 4759 Et
320 4710 484 4758 occscrrerset
502 4709 539 4758 eis
551 4708 703 4758 ructamus
720 4711 745 4758 ct
757 4709 858 4771 Ioseph.
895 4707 1008 4773 Reliqua
1021 4707 1082 4758 side
1101 4713 1172 4773 post.
1190 4708 1195 4770 Ι
1209 4709 1249 4757 nt
1260 4708 1356 4759 ieie-od.
1369 4739 1379 4750 ·
1392 4723 1462 4759 esces
