3458 5640
307 591 355 636 xm
773 576 1044 630 PROleGOMllNA.

310 732 361 791 est
383 726 493 791 homil.
508 726 607 796 XVI.
631 727 763 808 (XVII.
779 729 867 812 apud
882 728 1078 812 Montfauc.)
1101 731 1136 793 in
1153 727 1293 794 Iohann.
1315 727 1360 791 τὰ
1381 737 1502 813 σιιμεῑα

311 838 421 922 ἑκεῖμα
444 835 467 900 οἳ
488 839 623 903 ωαιδικὰ
647 844 730 926 εῗμσῐ
752 847 834 926 poor
850 836 912 905 τοΐ
928 836 1087 927 Χριστοῦ,
1110 834 1222 925 theudis
1239 845 1289 904 καὶ
1304 840 1499 924 ωλάσματά

309 973 413 1034 τιμωμ
425 951 692 1038 ἑωεισσγόμτοομ
704 954 807 1038 ἑστίρ.
832 953 1078 1018 Anastasius
1091 951 1251 1019 Sinaita
1261 951 1504 1034 Hodegxffl.

309 1082 340 1144 p.
357 1062 428 1128 200.
447 1062 495 1128 ed.
512 1063 659 1132 Grstsar.
676 1064 757 1129 dicit
777 1063 823 1128 τὰ
836 1064 1013 1150 λεγόμερα
1027 1064 1163 1129 ωοιδικὰ
1178 1064 1332 1148 θαύματα
1346 1059 1409 1128 τοῦ
1424 1066 1504 1148 Χρι-

311 1170 396 1239 στοῦ
410 1171 523 1260 ψευδῆ
540 1181 590 1240 καὶ
607 1175 803 1242 amariora.
828 1175 1505 1261 Georg.SyncsllnsOhronogr.p.601.

310 1286 359 1351 etl.
379 1286 485 1352 Bonn.
505 1288 607 1354 habet
634 1291 750 1373 ἷστέομ
775 1287 823 1352 ὅτι
848 1289 989 1373 διάφορα
1012 1288 1202 1374 εὐαγγέλια
1224 1291 1440 1373 γέγραωτσι,
1471 1291 1505 1370 ἐξ

310 1397 361 1481 ὢμ
389 1401 543 1483 τέσσαρα
571 1399 655 1483 μόρα
684 1402 820 1483 κέκριται
848 1405 925 1462 solo
953 1403 1122 1483 μοκσρῐοισ
1145 1396 1365 1462 ἆωοστὸλοισ
1389 1402 1504 1461 ἑκκλιι-

311 1506 497 1588 adgesta,
527 1513 577 1573 καὶ
606 1508 730 1572 daborc
757 1508 896 1572 ωοιδικοῖ
917 1505 980 1572 τοῦ
1003 1505 1165 1594 σοοτιῖροσ
1188 1509 1281 1592 ιἰμῶμ
1306 1512 1504 1593 συγγέγρα-

257 1689 260 1695 ,
309 1642 411 1695 maur,
441 1622 477 1702 ἑμ
502 1622 555 1682 oio
579 1621 612 1682 αῖ
635 1621 726 1703 μέχρι
755 1614 993 1682 δωδεκαετοῦσ
1020 1619 1141 1704 χρόμου
1153 1621 1174 1702 ¹)
1202 1613 1268 1682 uio
1291 1619 1377 1682 κατὰ
1400 1619 1505 1704 σάρκα

311 1730 441 1796 mixtas
469 1725 575 1796 αὐτοῦ
599 1725 662 1795 τοῦ
684 1738 757 1816 τᾶιμ
785 1731 882 1816 (male
901 1731 960 1816 ed.
982 1732 1118 1816 τούτωμ
1146 1753 1207 1815 pro
1230 1728 1292 1796 τοῦ
1313 1735 1398 1817 subp)
1424 1731 1505 1798 αἷοὸ·

312 1869 382 1932 μοορ
405 1838 555 1912 moretoil
571 1847 853 1931 ἑμωεριῴέρορται
870 1845 1140 1931 θαυματουργῐαι.
1172 1845 1351 1930 Euthym.
1368 1844 1505 1929 Zigab.

311 1957 439 2024 8,(1Ιο1ι.
454 1955 503 2041 H,
520 1961 569 2022 ll.
592 1960 648 2020 ὠσ
662 1951 940 2042 ωαρσσιοοωιιθέμ
963 1964 1040 2021 roto
1063 1957 1188 2022 ὅλλοισ
1209 1957 1387 2043 ῖστόριισεμ
1411 1956 1505 2033 αὐτὸ,

311 2064 511 2155 χριισιμεῦομ
528 2073 580 2133 elo
594 2068 635 2131 τὸ
651 2067 693 2153 pa
710 2068 885 2153 ωιστεύειμ
908 2074 986 2133 roto
1006 2072 1214 2153 λεγομέροισ
1236 2072 1404 2133 ωοιδικοῖσ
1428 2069 1506 2131 θαύ-

313 2203 390 2264 μασι
408 2174 476 2243 .τοῦ
491 2174 650 2263 Χριστοῦ.
665 2219 670 2232 =
687 2178 830 2244 Accedit
848 2179 936 2261 quod
954 2198 1019 2261 quo
1038 2180 1143 2261 magis
1163 2182 1395 2244 canonicorum
1414 2202 1510 2244 evan·

312 2292 471 2376 geliorum
494 2289 674 2355 auctoritas
697 2310 757 2372 per
778 2294 884 2354 totam
903 2288 1075 2354 ecclesiam
1093 2288 1324 2372 invalescebat,
1347 2292 1509 2356 eominus

312 2403 457 2493 librariis
480 2402 677 2485 praesertim
700 2400 868 2466 monachis
890 2406 1003 2483 aptum
1025 2400 1129 2465 videri
1148 2407 1280 2482 poterat
1297 2400 1398 2466 talem
1415 2402 1507 2467 libel·

311 2515 379 2580 lum
401 2512 561 2597 evangelii
584 2513 717 2599 nomino
740 2533 867 2579 ornare.

396 2624 516 2710 Neque
538 2623 813 2710 praetereundum
836 2629 895 2706 est,
917 2622 1211 2690 Pseudo-Thomas
1232 2623 1354 2690 librum
1373 2626 1507 2692 minime

312 2743 479 2826 integrum
495 2759 679 2822 superesse:
703 2737 908 2822 quodquam
931 2758 971 2802 ex
990 2758 1110 2820 magna
1124 2743 1274 2803 textuum
1291 2739 1508 2820 superstitum

315 2851 509 2931 differentia,
530 2855 602 2915 tum
626 2871 665 2915 ex
688 2870 824 2915 numero
847 2848 1029 2915 stichorum
1045 2849 1109 2931 (qr'
1128 2849 1147 2914 i.
1164 2869 1191 2914 e.
1209 2851 1304 2932 1300)
1329 2850 1454 2916 clarum
1471 2850 1510 2916 fit

316 2985 398 3050 quos
421 2962 625 3046 evangelium
646 2960 794 3026 Thomas
817 2960 1105 3044 comprehendisse
1132 2962 1167 3026 in
1189 2964 1293 3026 reteri
1316 2968 1366 3027 est
1389 2963 1508 3027 sticho·

314 3076 434 3142 metria
456 3073 497 3140 ad
521 3074 644 3138 calcem
667 3073 948 3156 chronographiae
963 3071 1187 3155 Nicephoril).
1226 3072 1510 3158 Quemadmodum

316 3189 402 3254 enim
430 3191 481 3251 tot
507 3184 584 3250 libri
606 3184 848 3250 haereticorum
877 3184 1000 3249 similes
1026 3204 1163 3266 prorsus,
1183 3183 1304 3249 (ludum
1332 3187 1511 3268 perierunt,

316 3300 439 3383 quippe
462 3297 581 3381 quibus
607 3295 737 3361 deesset
759 3295 1015 3369 describentium
1042 3294 1219 3377 industria,
1247 3296 1294 3361 ita
1322 3297 1394 3378 alii,
1423 3298 1511 3362 inter

317 3430 400 3492 quos
423 3415 473 3473 est
495 3407 642 3474 Thomas
665 3405 885 3488 evangelium,
913 3407 1050 3471 resectis
1072 3407 1220 3488 partibus
1243 3407 1369 3487 multis,
1392 3409 1433 3471 iis
1455 3430 1511 3490 po·

315 3520 479 3584 tissimum
502 3539 586 3601 quae
608 3517 705 3582 fidem
728 3522 787 3582 aut
808 3517 965 3599 pietatem
988 3517 1127 3581 maxime
1151 3516 1361 3600 offenderent,
1386 3517 1426 3582 ad
1449 3539 1510 3582 nos

318 3629 437 3716 perlati
462 3635 546 3694 sunt.
590 3628 798 3712 Fragmentis
820 3634 930 3694 autem
951 3627 993 3693 iis
1012 3648 1095 3711 quae
1117 3634 1294 3710 supersunt
1315 3629 1450 3694 nomina
1472 3652 1511 3695 ea

297 3721 403 3828 ‘quae
425 3743 460 3808 in
482 3742 605 3808 nostris
629 3741 796 3808 codicibus
817 3741 1028 3807 inveniuntur
1050 3741 1153 3806 multo
1181 3742 1285 3825 magis
1314 3745 1512 3808 conveniunt

318 3877 416 3942 quam
433 3856 594 3940 evangelii
610 3855 735 3922 titulus.
773 3852 921 3942 Quorum
937 3852 1194 3939 fragmentorum
1212 3855 1394 3938 antiquitas
1410 3857 1509 3922 otiam

317 3970 393 4035 inde
412 3967 715 4052 perspicitur'quod
738 3969 969 4051 compilatores
992 3973 1026 4032 et
1046 3967 1168 4032 latinos
1191 3974 1225 4032 et
1246 3968 1407 4050 arabicos,
1430 3990 1509 4051 quo-

318 4101 390 4146 rum
412 4080 517 4145 libros
540 4079 710 4162 evangelia
733 4079 892 4157 infantiae
915 4076 1023 4143 dicere
1046 4079 1160 4158 solent,
1187 4099 1207 4142 a
1228 4079 1357 4160 graecis
1380 4079 1510 4144 labellis

318 4191 440 4256 nostris
461 4189 658 4272 pependisse
680 4193 830 4271 apertum
855 4191 912 4251 est.
956 4186 1109 4268 Denique
1132 4186 1311 4252 similitudo
1334 4189 1422 4251 inter
1440 4164 1510 4252 Irc-

404 4401 426 4466 ¹)
443 4403 617 4454 Memorabile
636 4407 678 4453 ost
696 4404 764 4454 bone
783 4402 881 4453 aetatis
899 4401 961 4451 lesu
982 4402 1056 4465 pueri
1076 4401 1267 4450 indicationem
1286 4403 1430 4451 convenire
1452 4418 1510 4452 cum

318 4493 395 4540 textu
414 4492 516 4554 nostro,
535 4489 716 4554 ο1.ςτισοοΑ
735 4503 791 4552 cap.
804 4486 873 4538 xlx.

344 4585 346 4588 ⁴
402 4568 514 4636 §hvide
532 4572 603 4637 apud
622 4569 750 4622 Oredner:
775 4571 826 4620 Zur
844 4569 1006 4620 (iascblchte
1025 4569 1072 4620 des
1090 4569 1201 4620 Kanons
1220 4585 1245 4634 p.
1259 4571 1309 4618 122
1327 4585 1386 4635 sqq.
1413 4571 1510 4637 (ἴσοις.

319 4660 437 4727 syncell.
457 4659 498 4711 ed.
516 4661 605 4710 Bona.
624 4674 651 4723 p.
665 4660 724 4710 788.
