3458 5640
476 604 809 655 Paeone-mamam
826 603 1068 654 uvnuemnum.
1097 602 1169 655 ΟΑΡ.
1188 603 1250 654 xll.
1422 601 1462 664 73

261 751 310 817 Et
335 751 535 818 consolatus
561 758 615 816 est
644 774 750 837 super
773 751 901 833 Maria,
933 741 1068 817 dicens:
1105 752 1267 832 Peccavi,
1299 751 1462 841 quoniam

263 854 497 939 suspicionem
515 854 668 939 aliquam
684 854 790 920 habui
807 855 844 920 in
861 859 905 919 te.

745 1077 867 1146 Oanos
890 1078 978 1145 XII.

349 1254 358 1286 ¹
375 1252 521 1317 Factum
540 1258 594 1318 est
610 1258 726 1318 autem
742 1253 924 1336 posthaec
947 1258 982 1317 et
1002 1252 1088 1317 exiit
1106 1272 1223 1317 rumor
1239 1253 1332 1336 quod
1348 1252 1463 1318 Maria

263 1359 357 1419 esset
382 1354 532 1437 gravida.
577 1355 626 1419 Et
651 1355 921 1440 comprehensus
946 1376 967 1419 a
993 1355 1163 1420 ministris
1188 1353 1309 1438 templi
1332 1353 1462 1438 Ioseph

263 1457 389 1521 ductus
407 1460 460 1522 est
476 1455 520 1520 ad
536 1456 748 1539 pontificem,
767 1456 825 1539 qui
842 1477 913 1521 una
929 1478 1005 1521 cum
1023 1455 1265 1522 sacerdotibus
1277 1457 1393 1541 coepit
1408 1477 1463 1522 ex-

261 1561 428 1645 probrare
446 1560 478 1625 ei
496 1566 531 1626 et
547 1560 677 1627 dicere:
710 1561 759 1627 Ut
774 1561 858 1644 quid
876 1561 1059 1627 fraudatus
1077 1583 1113 1627 es
1130 1561 1270 1645 nuptias
1287 1565 1406 1626 tantae
1422 1581 1463 1644 ao

262 1664 343 1730 talis
360 1665 514 1748 virginio,
538 1686 641 1749 quam
658 1665 774 1749 angeli
791 1664 849 1730 dei
869 1666 961 1730 sicut
977 1665 1171 1731 columbam
1192 1665 1228 1729 in
1248 1664 1378 1749 templo
1402 1686 1463 1729 nu-

262 1769 423 1849 trierunt‚
442 1789 530 1852 quae
546 1769 657 1834 virum
673 1790 858 1853 numquam
876 1790 941 1834 nec
956 1768 1204 1850 viderevcluit,
1223 1790 1311 1852 quae
1331 1768 1367 1833 in
1384 1769 1462 1854 lege

263 1871 320 1936 dei
338 1870 571 1936 eruditionem
593 1872 755 1954 optimam
773 1869 918 1936 habuit?
948 1871 1001 1936 Tu
1024 1875 1140 1937 autem
1163 1872 1192 1936 si
1215 1872 1246 1937 ei
1262 1869 1464 1937 violentiam

263 1995 334 2040 non
350 1973 507 2055 fecisses,
524 1973 588 2039 illa
602 1973 705 2039 hodie
723 1974 818 2057 virgo
835 1979 1104 2057 perseverasset.
1129 1973 1259 2058 Ioseph
1276 1979 1391 2040 autem
1408 1973 1466 2039 de·

263 2075 404 2142 vetabat
420 2096 456 2142 se
473 2076 591 2142 iurans
603 2075 696 2159 quod
709 2097 895 2159 numquam
906 2077 1084 2161 tetigisset
1100 2097 1184 2142 eam.
1210 2076 1276 2143 Oui
1290 2073 1465 2142 Abiathsr

264 2179 422 2264 pontifex
447 2178 547 2245 dixit:
582 2179 678 2247 Vivit
702 2179 788 2245 deus
816 2179 980 2264 quoniam
1005 2178 1107 2245 modo
1132 2185 1167 2245 te
1192 2179 1318 2245 faciam
1342 2186 1464 2264 potare

264 2305 389 2368 aquam
406 2283 595 2368 potationis
613 2283 754 2367 domini,
773 2290 808 2349 et
824 2284 941 2350 statim
958 2283 1143 2368 apparebit
1157 2290 1339 2368 peccatum
1355 2289 1463 2349 tuum.

351 2387 472 2454 'Tunc
489 2393 700 2473 congregata
719 2395 773 2454 est
789 2388 900 2454 omnis
917 2387 1107 2455 multitudo
1120 2387 1242 2470 Israel,
1260 2409 1349 2472 quae
1366 2387 1465 2454 dinu-

265 2493 391 2558 merari
412 2515 481 2559 non
497 2496 646 2576 poterat,
670 2497 705 2558 et
725 2492 878 2558 adducta
900 2498 954 2557 est
974 2492 1079 2558 etiam
1096 2490 1211 2557 Maria
1232 2490 1276 2556 ad
1295 2493 1464 2576 templum

266 2595 406 2663 domini.
453 2594 662 2662 Sacerdotes
682 2617 761 2661 vero
788 2602 823 2662 et
844 2595 967 2661 affines
993 2616 1032 2660 ao
1054 2601 1218 2680 parentes
1241 2595 1317 2663 eius
1339 2597 1463 2663 flentes

265 2702 430 2768 (licebant
449 2699 491 2765 ad
509 2699 670 2764 Mariam:
704 2699 880 2765 Confitere
898 2697 1140 2764 sacerdotibus
1155 2704 1338 2783 peccatum
1355 2704 1463 2782 tuum,

267 2825 354 2888 quae
373 2824 448 2867 eras
466 2802 558 2867 sicut
572 2801 732 2867 columba
748 2804 783 2867 in
801 2801 930 2885 templo
948 2801 1005 2868 dei
1022 2807 1058 2867 et
1072 2801 1271 2886 accipiebas
1286 2802 1403 2875 cibum
1419 2801 1462 2867 de

266 3052 294 3115 (n
307 3050 361 3114 om)
372 3053 404 3100 ut
416 3062 485 3111 ααας
499 3061 535 3100 oo
546 3049 666 3099 sisium
678 3063 748 3098 susm
761 3044 766 3114 Ι
780 3063 857 3112 super
868 3049 959 3099 Marta
971 3049 1000 3113 (a
1012 3047 1100 3113 ·iam).·
1113 3064 1130 3100 n
1143 3049 1258 3100 Mariam
1271 3045 1276 3114 Ι
1290 3063 1309 3100 n
1322 3047 1467 3099 consolatus

266 3154 322 3203 sup.
336 3139 393 3190 Mc.
407 3138 447 3188 cit
459 3134 464 3204 Ι
477 3153 551 3203 quen.
566 3134 598 3202 (s
609 3135 680 3202 quia)
692 3151 762 3200 susp.
776 3135 840 3200 aliq.
855 3134 885 3199 (u
897 3135 950 3186 stu
968 3140 997 3187 st
1008 3136 1124 3201 nequam)
1138 3162 1146 3173 ·
1160 3137 1187 3186 is
1199 3135 1241 3199 (ut
1253 3149 1302 3196 οη
1322 3147 1359 3185 un
1372 3134 1414 3200 de)
1427 3139 1466 3185 te:

267 3239 286 3274 n
298 3225 463 3288 suspicionem
473 3240 579 3289 aequam
590 3223 683 3272 babens
695 3223 726 3271 de
738 3227 763 3272 te
952 3202 960 3222 ⁹

337 3309 397 3369 xn,
417 3313 441 3359 1.
469 3310 574 3358 Factum
587 3335 595 3346 -
609 3313 635 3358 et
646 3308 674 3370 (o
687 3306 741 3370 om)
754 3309 816 3357 exiit
828 3324 915 3357 rumor
926 3312 958 3357 ut
970 3320 1021 3367 ους
1040 3323 1057 3358 α
1071 3310 1177 3358 Factum
1189 3313 1226 3357 est
1238 3312 1321 3356 autem
1333 3312 1361 3355 ut
1373 3307 1414 3355 tic
1425 3323 1466 3355 rs·

268 3411 323 3445 mor
340 3396 421 3443 exiret
426 3414 435 3452 ,-
455 3407 490 3442 un
503 3396 566 3444 Post
577 3395 639 3442 tuse
647 3396 741 3459 sactus
752 3398 790 3442 est
801 3409 888 3442 rumor
898 3391 1019 3459 magmas}
1035 3395 1074 3443 at
1085 3409 1179 3457 compr.
1193 3420 1202 3431 ·
1215 3394 1303 3456 templi
1316 3395 1346 3455 (n
1359 3393 1412 3442 add
1424 3394 1467 3442 do·

267 3479 340 3542 mins)
354 3484 397 3529 ete
409 3482 441 3529 ut
453 3491 504 3537 ους
523 3480 588 3528 item
601 3492 646 3536 an,
659 3478 708 3528 sed
720 3483 783 3542 post
794 3479 864 3527 duct.
878 3483 917 3528 est
928 3478 982 3528 add
995 3496 1049 3527 eum
1060 3479 1160 3538 Maria,
1179 3484 1208 3530 et
1220 3492 1236 3528 u
1249 3479 1408 3542 mappalibus
1419 3493 1467 3542 pro

267 3565 376 3613 minute.
395 3568 424 3613 et
441 3568 504 3628 post
517 3568 591 3624 post.
611 3563 664 3612 add
678 3563 822 3619 Atinatem
841 3564 908 3612 aas
921 3564 1091 3625 conprehensa
1108 3581 1125 3611 c
1141 3566 1200 3613 siin.
1221 3569 1253 3613 te.
1270 3568 1296 3612 et
1312 3563 1396 3627 iosept
1409 3578 1467 3625 per·

266 3650 407 3698 ductisunt
419 3648 534 3711 adpone.
550 3645 554 3712 Ι
567 3648 754 3698 sacerdotibus:
767 3661 784 3695 n
798 3647 851 3696 odd
864 3652 889 3696 et
900 3648 1060 3711 magnatibus
1072 3650 1160 3711 templi
1172 3644 1177 3713 Ι
1190 3653 1217 3698 et
1227 3649 1325 3698 dicere:
1338 3662 1355 3697 a
1364 3644 1467 3712 dicem!

259 3735 356 3800 fraud.
370 3750 411 3782 es:
430 3747 446 3783 n
457 3735 605 3798 fraudator
616 3734 739 3782 exstitisti
753 3729 757 3798 Ι
770 3734 877 3796 nuptias
889 3760 897 3770 ·
911 3736 1018 3797 uirginis
1029 3739 1061 3784 ut
1073 3748 1125 3794 ους
1143 3748 1178 3783 Λα
1191 3735 1267 3783 istam
1279 3735 1356 3784 talem
1372 3739 1397 3784 et
1413 3739 1468 3784 ton·

268 3825 320 3870 tam
336 3819 467 3882 virginem,
479 3833 496 3868 a
509 3823 597 3868 tactae
613 3823 638 3867 et
655 3820 704 3867 tali
717 3820 811 3881 cirpiai
824 3816 828 3884 Ι
843 3836 917 3884 quam
930 3819 960 3881 (n
972 3819 1025 3869 add
1038 3819 1074 3883 et)
1088 3845 1097 3856 ·
1111 3820 1202 3883 templo
1215 3820 1245 3883 (n
1264 3820 1317 3869 add
1327 3821 1435 3878 domini,
1453 3833 1469 3870 0

267 3905 320 3967 aa)
337 3909 406 3953 sectr.
426 3908 457 3953 ut
469 3917 557 3963 anem
576 3917 679 3968 squam
697 3906 804 3968 ampelos
820 3906 916 3955 domini
928 3930 936 3942 ·
949 3905 1080 3954 nutriebat
1093 3901 1097 3968 Ι
1112 3906 1160 3953 sir.
1178 3922 1261 3970 eumq.
1277 3904 1304 3968 (α
1316 3922 1393 3970 eumq.
1407 3905 1468 3968 vir.)

268 4008 313 4040 see
325 3988 367 4051 (ut
379 4003 427 4047 σας
440 3990 491 4039 rell
505 3987 557 4050 cm)
570 3989 623 4037 ciet.
634 3989 685 4038 col.
700 3988 728 4049 (a
738 3989 788 4038 ool.
800 3990 851 4038 vu.
862 4005 907 4037 aec
915 3988 1018 4052 tabere)
1033 3990 1037 4054 Ι
1053 4002 1088 4038 nn
1099 4005 1140 4037 om
1152 3993 1235 4038 autem
1249 3986 1253 4055 Ι
1268 4003 1284 4039 n
1296 3992 1347 4040 misi
1358 3991 1402 4039 illi
1411 3991 1468 4040 vicl.

267 4077 353 4137 seciae.
368 4071 373 4141 Ι
387 4074 437 4122 illa
453 4099 462 4110 ·
479 4078 666 4136 perseuerasset
678 4073 707 4136 (n
721 4074 813 4136 ·raret)
826 4079 857 4122 ut
870 4084 921 4130 cst
940 4087 996 4124 nnn
1013 4075 1096 4123 adbuc
1113 4075 1140 4123 ia
1152 4075 1301 4139 uirginitate
1313 4092 1360 4124 suc
1372 4074 1402 4137 (u
1415 4075 1468 4138 om)

265 4161 446 4226 permansisset
458 4158 669 4223 (aperuissent)
684 4156 688 4225 Ι
704 4160 756 4208 Ios.
771 4163 853 4207 cutem
865 4160 920 4210 deo.
937 4175 964 4208 se
981 4159 1032 4209 iar.
1048 4157 1180 4222 (liuram
1191 4161 1303 4221 decemt,
1321 4163 1417 4224 acepit
1428 4163 1469 4211 de·

269 4249 361 4300 testari
365 4246 490 4314 fimiter)
502 4249 534 4296 ut
547 4257 635 4305 cnam
647 4258 664 4294 ι
677 4245 738 4311 quio
749 4245 885 4295 devovebat
895 4261 922 4296 se
934 4246 1025 4296 iurans
1037 4242 1042 4313 Ι
1057 4247 1123 4312 qaod
1135 4263 1219 4312 namq.
1234 4246 1281 4310 (nn
1294 4246 1346 4297 add
1355 4246 1468 4312 pesitus)

271 4341 315 4387 tet.
326 4351 381 4386 emm
392 4337 423 4384 ot
434 4346 522 4393 cnm
535 4333 628 4398 nqucd
637 4349 718 4398 namq.
729 4349 784 4382 scm
791 4332 893 4396 penitus
901 4333 942 4382 vir
952 4335 1024 4399 tetip.
1040 4329 1044 4400 Ι
1059 4348 1076 4383 n
1086 4333 1203 4392 Isaeum,
1216 4348 1235 4384 n
1245 4334 1360 4384 Abicear
1373 4329 1377 4400 Ι
1391 4335 1470 4386 dis-it:

271 4439 306 4477 n
318 4423 450 4488 respondit
462 4417 466 4488 Ι
480 4422 556 4471 desse
572 4435 589 4471 a
601 4420 716 4471 dominas
729 4418 733 4486 Ι
748 4422 877 4487 quonium:
896 4435 913 4472 Δ
927 4422 997 4488 quic,
1010 4435 1026 4472 n
1039 4423 1118 4488 quest,
1136 4435 1152 4471 n
1166 4426 1247 4487 stepo
1261 4417 1266 4488 Ι
1280 4425 1305 4472 et
1315 4423 1416 4472 statium
1434 4435 1469 4473 n

271 4514 413 4578 statimque,
425 4524 442 4560 α
453 4515 479 4560 et
490 4526 547 4559 scos
1479 4565 1481 4568 Α

339 4602 364 4651 2.
384 4598 463 4650 mmsis
475 4596 504 4660 (Δ
515 4597 568 4662 om)
581 4596 653 4646 mala
665 4596 718 4646 Isr.
733 4596 761 4660 (a
771 4597 871 4661 populi,
884 4596 966 4660 nom)
980 4623 989 4634 ·
1002 4602 1028 4647 et
1040 4596 1087 4660 (cn
1098 4595 1153 4658 om)
1167 4596 1227 4645 edd,
1240 4599 1279 4645 est
1289 4596 1365 4645 stiam
1377 4593 1405 4660 (n
1415 4596 1469 4662 om)

274 4714 283 4725 -
297 4687 390 4737 demisi
403 4684 432 4748 (a
445 4683 499 4748 om)
511 4690 543 4733 ut
556 4697 644 4743 acon
658 4697 675 4733 a
687 4685 798 4733 masiae
805 4698 873 4746 pars
884 4685 996 4733 virorum
1008 4686 1034 4732 in
1047 4682 1138 4746 templo
1151 4683 1245 4733 domini
1256 4687 1282 4733 st
1292 4682 1431 4742 malicum,
1443 4690 1472 4734 st
1525 4680 1527 4684 '

273 4775 300 4823 is
316 4772 435 4822 iudicium
450 4772 505 4820 eius
517 4771 694 4833 prospicerent
707 4766 711 4834 Ι
727 4769 787 4820 See.
802 4787 861 4819 uere
878 4795 887 4805 ·
906 4769 941 4817 ael
952 4765 1068 4818 Mariam
1087 4769 1114 4830 (c
1127 4769 1161 4816 ad
1173 4765 1238 4832 eam)
1256 4771 1287 4818 ut
1299 4780 1385 4828 anem
1404 4782 1421 4818 α
1436 4770 1472 4819 nt
