3458 5640
567 582 800 634 nvanomruu
818 584 965 634 anonas
983 584 1153 636 narmuu.
1182 586 1217 637 11.
1432 587 1492 652 165

293 733 340 799 Et
356 734 473 818 coepit
487 733 670 818 palpitare.
710 734 759 800 Et
778 734 867 800 dixit
889 735 1014 801 iterum
1036 734 1078 800 ad
1096 735 1243 819 piscem:
1278 736 1425 805 Reiecta
1441 739 1493 806 sal

293 844 388 903 tuum
411 838 505 922 quod
526 838 650 921 habes,
678 844 714 905 et
735 837 875 905 ambula
896 839 930 904 in
952 860 1088 923 aquam.
1136 839 1184 904 Et
1204 839 1335 906 sactum
1359 848 1412 909 est
1431 844 1492 909 ita.

292 941 461 1010 Videntes
498 948 614 1008 autem
645 943 750 1009 vicini
783 943 877 1027 quod
913 943 1043 1009 lactum
1077 943 1206 1027 luerat,
1244 947 1494 1014 nuntiaverunt

291 1047 428 1112 mulieri
450 1047 590 1130 viduae,
614 1049 650 1113 in
674 1049 773 1115 cuius
797 1048 898 1114 domo
920 1047 1121 1114 morabatur
1139 1047 1255 1114 Maria
1276 1056 1387 1117 mater
1407 1052 1493 1118 eius.

291 1149 359 1215 Illa
381 1171 459 1217 vero
486 1158 526 1215 ut
550 1151 698 1233 audivit,
726 1172 803 1216 oum
829 1150 1056 1217 festinatione
1082 1173 1207 1237 magna
1232 1154 1339 1219 eiecit
1363 1176 1422 1221 eos
1449 1155 1491 1222 ds

292 1253 393 1318 domo
412 1274 483 1319 sua.

367 1496 462 1549 Gerar
481 1496 517 1547 11.
555 1497 731 1557 QUOMODO
750 1498 927 1550 MAGISTER
947 1497 1064 1550 ElECl'l'
1084 1499 1158 1549 EUM
1177 1501 1222 1550 un
1241 1498 1412 1551 clvrrsas.

377 1668 386 1701 ¹
403 1667 452 1733 Et
468 1667 715 1736 deambulante
726 1668 808 1735 Iesu
830 1690 906 1734 cum
917 1667 1033 1733 Maria
1048 1674 1156 1735 matre
1175 1669 1249 1759 eius
1266 1670 1491 1753 permedium

290 1771 404 1837 sorum
423 1772 585 1857 civitatis,
605 1773 799 1858 respiciens
815 1773 903 1838 vidit
917 1773 1121 1857 magistrum
1139 1771 1321 1838 docentem
1341 1774 1493 1860 discipu·

292 1875 344 1942 los
362 1897 455 1943 suos.
479 1876 528 1942 Et
543 1897 623 1943 ecce
637 1876 716 1942 XII
731 1897 892 1961 passeres
909 1876 1120 1942 insidiantes
1137 1876 1230 1942 inter
1241 1898 1277 1942 se
1289 1878 1493 1944 ceciderunt

291 1998 355 2061 per
370 1999 506 2044 murum
522 1981 559 2044 in
576 1979 690 2045 sinum
707 1979 803 2045 illius
820 1979 977 2063 magistri
991 1978 1051 2063 qui
1065 1999 1195 2062 pueros
1207 1978 1365 2045 docebat.
1390 1980 1491 2047 Iesus

292 2086 408 2147 autem
430 2102 507 2147 cum
527 2082 687 2164 vidisset,
715 2082 837 2148 hilaris
860 2082 975 2148 sactus
999 2088 1053 2148 est
1079 2088 1114 2147 et
1134 2083 1242 2148 stetit.
1290 2080 1405 2148 'Oum
1431 2082 1492 2148 ille

292 2183 415 2249 doctor
433 2183 520 2251 vidit
544 2185 643 2250 illum
668 2185 814 2251 hilarem
836 2185 981 2269 factum,
1009 2206 1085 2251 cum
1111 2184 1229 2250 lurore
1256 2205 1380 2269 magno
1405 2185 1493 2252 dixit

292 2286 475 2372 discipulis
493 2290 580 2356 suis:
612 2288 666 2355 Ite
688 2288 852 2355 adducite
871 2311 949 2354 eum
969 2288 1012 2355 ad
1028 2309 1093 2354 me.
1133 2287 1219 2354 Cum
1242 2293 1358 2355 autem
1379 2295 1493 2356 sustu·

291 2391 417 2458 lissent
441 2414 533 2474 eum,
559 2393 726 2477 magister
750 2392 985 2477 apprehendit
1008 2392 1200 2458 auriculam
1226 2391 1302 2457 eius
1329 2398 1364 2459 et
1388 2393 1490 2459 dixit:

293 2494 385 2578 Quid
400 2496 519 2561 vidisti
537 2495 629 2579 qnod
647 2496 769 2562 hilaris
787 2495 901 2561 lactus
919 2493 979 2561 es?
1002 2492 1054 2560 At
1069 2494 1128 2559 ille
1141 2494 1230 2559 dixit
1246 2493 1292 2558 ei:
1309 2494 1491 2580 Magister,

285 2730 371 2804 'coepit
378 2743 522 2806 palpitare.
547 2744 585 2792 Et
596 2743 665 2791 dicit
683 2743 774 2790 ilerum
792 2743 826 2790 od
834 2742 944 2804 piscem:
961 2739 1144 2803 Reioeta(sic)
1157 2739 1279 2790 saltuem
1291 2741 1357 2805 qood
1375 2738 1451 2789 moes
1466 2743 1492 2790 el

288 2828 390 2878 ambula
402 2830 428 2878 is
440 2845 516 2893 aqua.
538 2829 685 2894 Etfoetum
696 2832 735 2877 est
746 2827 792 2878 ils.
816 2826 936 2876 Vidsstes
947 2831 1030 2876 autem
1042 2826 1121 2875 oie-isi
1132 2825 1415 2891 quodfactamsoerot,
1427 2841 1489 2875 mes·

289 2916 419 2965 cieverunt
437 2915 539 2965 mulieri
555 2915 659 2974 viduos,
676 2914 704 2962 is
722 2914 794 2963 erius
809 2913 881 2963 dorso
898 2912 1048 2963 morabatur
1060 2912 1152 2963 Μανία
1163 2916 1245 2963 mater
1263 2913 1323 2963 siem.
1353 2912 1387 2963 Ut
1406 2918 1491 2965 aetem
1530 2928 1532 2932 ⁴

289 3003 378 3052 audita
390 3007 450 3052 east
461 3002 536 3060 lolii,
555 3019 609 3051 cum
614 3002 786 3067 festinatione
798 3001 872 3051 eiecit
883 3017 925 3050 eos
936 3001 967 3050 do
979 3001 1051 3051 domo
1063 3017 1117 3050 ναα.
1144 3000 1276 3051 Similiter
1288 3014 1304 3049 r
1320 3001 1393 3065 (vide
1407 3016 1487 3066 supra

289 3089 323 3138 ad
336 3090 378 3140 Ps.
394 3091 492 3140 llstth.
506 3088 611 3152 XXV.):
627 3088 814 3139 Deambumste
826 3089 885 3140 lesu
898 3104 947 3151 per
965 3090 1048 3152 ripam
1060 3089 1153 3146 maris,
1165 3089 1262 3151 piscem
1273 3090 1354 3138 moris
1367 3092 1490 3139 emortuam

290 3194 321 3226 oc
333 3177 434 3226 aridum
445 3177 525 3226 vidit.-
543 3177 641 3239 accepit
654 3177 735 3239 iprssm
745 3176 773 3225 is
781 3175 876 3238 pelvim
887 3173 943 3240 [ct]
952 3177 1087 3239 proecepit
1099 3179 1127 3224 ut
1135 3175 1283 3238 palpitaret
1288 3195 1296 3233 ,-
1310 3176 1453 3241 quistatim
1465 3177 1492 3225 is

292 3278 361 3327 apso
373 3263 455 3326 eoepit
466 3263 514 3311 tao
531 3267 557 3312 et
575 3261 638 3311 illuc
649 3261 803 3312 discurrere.
832 3261 951 3310 Videstes
963 3265 1046 3312 autem
1058 3261 1135 3310 vicini
1147 3262 1329 3312 nuntiaverant
1340 3262 1447 3322 viduae,
1465 3264 1492 3311 is

290 3349 361 3398 reios
372 3349 561 3413 demessuerunt
573 3348 704 3410 hospitali.
723 3348 779 3396 Illa
792 3363 850 3397 uero
862 3352 892 3396 ut
903 3348 1010 3406 audivit,
1022 3348 1177 3397 existimavit
1186 3350 1252 3412 qnod
1265 3349 1333 3411 osopi
1345 3353 1427 3398 essent
1436 3347 1491 3413 [et]

292 3435 522 3499 csmsestisotiose
535 3434 609 3483 eiecit
620 3448 662 3482 eos
673 3432 705 3482 de
716 3433 789 3483 dorso
800 3449 855 3481 saa.

358 3518 481 3569 Ceterum
494 3520 588 3569 verba:
607 3520 646 3568 Et
658 3519 741 3581 eoepit
747 3520 883 3583 palpitare
896 3535 927 3569 ex
939 3531 958 3567 1>
972 3518 1131 3568 inseruimus
1144 3519 1213 3568 libro
1228 3519 1369 3578 Vsticeno,
1382 3519 1446 3569 item
1460 3534 1491 3569 ex

289 3606 337 3655 illo
351 3604 473 3655 dedimus
485 3604 527 3654 sal
540 3608 609 3653 tuum
621 3603 688 3668 quod
700 3619 748 3668 pro
761 3604 841 3654 solem
853 3609 922 3654 teum
934 3605 1008 3669 quod.

358 3708 393 3758 11.
413 3707 456 3757 Its
471 3707 580 3757 titulum
594 3707 772 3765 restituimus,
791 3707 819 3756 in
834 3707 927 3757 codice
940 3707 1011 3757 enim
1025 3713 1080 3756 est:
1109 3704 1237 3767 Quomodo
1249 3706 1341 3755 Μανὶα
1353 3708 1427 3757 eiecit
1438 3724 1491 3758 ems

287 3794 319 3842 de
331 3795 442 3842 ciuitate.
474 3793 525 3842 Pro
539 3793 630 3841 Mario
643 3793 730 3856 possis
743 3794 825 3842 etiam
837 3794 960 3856 mopister·
972 3808 1026 3840 cem
1038 3792 1130 3840 Moris
1143 3793 1291 3857 corriger03
1311 3792 1358 3843 sed
1370 3800 1492 3857 praestat

290 3878 361 3941 quod
375 3879 403 3928 in
418 3883 494 3928 textu
507 3878 653 3941 posuimus.
1444 3883 1447 3888 ’

355 3962 454 4012 Eadem
467 3963 559 4012 fabulo
577 3963 605 4011 in
618 3962 764 4011 Parisiensi
778 3961 871 4011 codice
885 3961 1000 4010 liabetur
1013 3962 1103 4023 capito
1116 3958 1225 4020 XXVI„
1244 3962 1316 4025 quod
1329 3963 1489 4028 inscriptum

288 4052 344 4097 est:
370 4048 411 4096 De
422 4048 478 4096 riso
490 4047 549 4095 Iesu
557 4050 668 4108 propter
675 4060 796 4107 passeres
808 4045 858 4094 sili
869 4046 974 4094 isoicem
987 4046 1147 4094 insidiantes.

356 4144 366 4175 ¹
379 4149 416 4198 Et
428 4148 592 4197 maritatam
604 4149 676 4197 Iesus
688 4163 742 4196 cum
755 4149 847 4196 Μανία
863 4152 946 4196 maire
964 4163 1012 4196 sco
1026 4162 1076 4210 per
1088 4147 1195 4196 medium
1205 4148 1267 4211 sori
1279 4149 1392 4198 deitatis
1410 4149 1490 4206 illias,

288 4234 425 4299 respiciens
441 4233 507 4282 cidit
518 4232 667 4296 mopistrum
680 4232 802 4296 quemdam
814 4233 956 4297 diseipulos
967 4247 1026 4282 scos
1038 4232 1174 4281 docentem.
1205 4232 1244 4281 Et
1261 4249 1317 4282 eece
1333 4237 1426 4298 septem
1439 4234 1490 4298 (sio

287 4319 378 4372 codex.
402 4320 537 4370 Videntur
549 4320 578 4369 in
591 4320 744 4383 antiquiore
758 4322 879 4384 exemplo
892 4319 943 4369 vl1
957 4327 985 4370 et
998 4318 1049 4369 x11
1064 4317 1198 4381 confuse.)
1208 4334 1329 4382 passeres
1341 4321 1490 4372 insidiantes

288 4408 353 4459 ister
364 4423 391 4459 se
402 4407 548 4458 ceciderant
556 4423 605 4473 per
616 4422 713 4456 marem
725 4407 752 4456 is
763 4407 820 4457 sisu
831 4407 950 4471 mopistri
962 4407 1005 4473 qui
1016 4406 1122 4457 docebat
1129 4421 1233 4470 pueros.
1256 4408 1329 4457 Iesus
1341 4413 1423 4459 summ
1435 4425 1489 4459 mm

287 4496 348 4547 doec
359 4497 471 4556 sitisset,
488 4495 582 4546 ditaris
590 4496 685 4562 soclus
696 4500 741 4546 est.
777 4489 788 4523 ²
805 4494 839 4546 Ut
851 4500 935 4546 ostem
947 4495 1012 4546 vidit
1024 4512 1078 4545 eoin
1090 4495 1180 4546 doctor
1191 4494 1416 4562 dilaremscetsm,
1435 4513 1489 4548 sem

279 4584 374 4649 fleme
390 4600 480 4649 mopso
498 4584 683 4649 sitdiscipslis
695 4585 761 4634 ssim
785 4584 826 4634 lte
838 4588 863 4634 et
876 4585 996 4635 addiscite
1008 4601 1062 4635 essm
1079 4585 1113 4634 od
1126 4601 1170 4634 me.
1198 4585 1258 4633 Crem
1277 4588 1360 4634 amem
1372 4585 1487 4636 metelle

288 4676 342 4720 sest
353 4688 415 4729 rem,
428 4671 596 4734 apprehendit
609 4672 752 4721 αανίναὶανα
765 4671 856 4734 (Thilo
868 4674 938 4722 malo
951 4671 1098 4736 amicalem)
1112 4672 1166 4721 eius
1177 4677 1202 4722 et
1213 4673 1295 4722 ditiis
1323 4671 1389 4735 Quid
1401 4672 1489 4724 vidisti

288 4758 349 4821 quis
364 4758 457 4808 tidrris
466 4760 559 4822 sortus
577 4759 619 4808 es?
643 4758 737 4808 Atillr
750 4758 830 4807 dicit.-
855 4757 995 4822 diopister,
1014 4773 1172 4808 eceemcsss
1185 4759 1368 4822 ploratritioi.
1393 4759 1432 4810 Ee
1448 4761 1489 4809 tio
