<?xml version="1.0" encoding="UTF-8"?>
<!DOCTYPE html PUBLIC "-//W3C//DTD XHTML 1.0 Transitional//EN"
    "http://www.w3.org/TR/xhtml1/DTD/xhtml1-transitional.dtd">
<html xmlns="http://www.w3.org/1999/xhtml" xml:lang="en" lang="en">
 <head>
  <title>
</title>
<meta http-equiv="Content-Type" content="text/html;charset=utf-8" />
  <meta name='ocr-system' content='tesseract 3.04.00' />
  <meta name='ocr-capabilities' content='ocr_page ocr_carea ocr_par ocr_line ocrx_word'/>
</head>
<body>
  <div class='ocr_page' id='page_1' title='image "./evangeliaapocry02tiscgoog_0425.png"; bbox 0 0 3458 5640; ppageno 0'>
   <div class='ocr_carea' id='block_1_1' title="bbox 262 570 1035 634">
    <p class='ocr_par' dir='ltr' id='par_1_1' title="bbox 262 570 1035 634">
     <span class='ocr_line' id='line_1_1' title="bbox 262 570 1035 634; baseline -0.016 0"><span class='ocrx_word' id='word_1_1' title='bbox 262 570 327 634; x_wconf 77' lang='lat'>310</span> <span class='ocrx_word' id='word_1_2' title='bbox 687 570 776 623; x_wconf 75' lang='lat' dir='ltr'><strong>ecre</strong></span> <span class='ocrx_word' id='word_1_3' title='bbox 794 571 922 622; x_wconf 75' lang='lat' dir='ltr'><strong>rrerrr.</strong></span> <span class='ocrx_word' id='word_1_4' title='bbox 939 573 971 621; x_wconf 80' lang='lat' dir='ltr'>e.</span> <span class='ocrx_word' id='word_1_5' title='bbox 989 571 1035 622; x_wconf 73' lang='grc' dir='ltr'>τι.</span> 
     </span>
    </p>
   </div>
   <div class='ocr_carea' id='block_1_2' title="bbox 261 712 1462 1252">
    <p class='ocr_par' dir='ltr' id='par_1_2' title="bbox 261 712 1462 1252">
     <span class='ocr_line' id='line_1_2' title="bbox 349 712 1461 807; baseline 0.002 -25"><span class='ocrx_word' id='word_1_6' title='bbox 349 718 419 782; x_wconf 79' lang='lat'>¹’0</span> <span class='ocrx_word' id='word_1_7' title='bbox 436 720 474 783; x_wconf 84' lang='grc' dir='ltr'>δὲ</span> <span class='ocrx_word' id='word_1_8' title='bbox 489 717 745 804; x_wconf 83' lang='grc' dir='ltr'>ἐκατὸμταρχοσ</span> <span class='ocrx_word' id='word_1_9' title='bbox 765 718 811 783; x_wconf 78' lang='grc' dir='ltr'>τὰ</span> <span class='ocrx_word' id='word_1_10' title='bbox 825 712 969 784; x_wconf 77' lang='grc' dir='ltr'>τοιαῦτα</span> <span class='ocrx_word' id='word_1_11' title='bbox 982 718 1104 806; x_wconf 80' lang='grc' dir='ltr'>ωθμτα</span> <span class='ocrx_word' id='word_1_12' title='bbox 1120 719 1276 806; x_wconf 81' lang='grc' dir='ltr'>θαύματα</span> <span class='ocrx_word' id='word_1_13' title='bbox 1291 719 1461 807; x_wconf 66' lang='grc' dir='ltr'>καταμαθ-</span> 
     </span>
     <span class='ocr_line' id='line_1_3' title="bbox 264 825 1462 918; baseline 0.004 -24"><span class='ocrx_word' id='word_1_14' title='bbox 264 852 343 907; x_wconf 83' lang='grc' dir='ltr'>σασ,</span> <span class='ocrx_word' id='word_1_15' title='bbox 364 827 536 916; x_wconf 81' lang='grc' dir='ltr'>ἆωελθοόμ</span> <span class='ocrx_word' id='word_1_16' title='bbox 553 833 605 895; x_wconf 82' lang='grc' dir='ltr'>εἷσ</span> <span class='ocrx_word' id='word_1_17' title='bbox 620 831 680 918; x_wconf 88' lang='grc' dir='ltr'>τόμ</span> <span class='ocrx_word' id='word_1_18' title='bbox 698 826 849 918; x_wconf 83' lang='grc' dir='ltr'>Πιλᾶτομ</span> <span class='ocrx_word' id='word_1_19' title='bbox 866 829 1052 917; x_wconf 75' lang='grc' dir='ltr'>διηγησατο</span> <span class='ocrx_word' id='word_1_20' title='bbox 1068 825 1195 897; x_wconf 52' lang='grc' dir='ltr'>ταῦτα,</span> <span class='ocrx_word' id='word_1_21' title='bbox 1220 831 1292 896; x_wconf 80' lang='grc' dir='ltr'>ὅδὲ</span> <span class='ocrx_word' id='word_1_22' title='bbox 1307 830 1462 899; x_wconf 81' lang='grc' dir='ltr'>ἆκοθσασ</span> 
     </span>
     <span class='ocr_line' id='line_1_4' title="bbox 264 935 1462 1029; baseline 0.005 -25"><span class='ocrx_word' id='word_1_23' title='bbox 264 939 454 1027; x_wconf 76' lang='grc' dir='ltr'>ἐθαύμασεμ</span> <span class='ocrx_word' id='word_1_24' title='bbox 480 945 530 1007; x_wconf 71' lang='grc' dir='ltr'>καὶ</span> <span class='ocrx_word' id='word_1_25' title='bbox 554 942 751 1029; x_wconf 64' lang='grc' dir='ltr'>ἐρεωλάγη,</span> <span class='ocrx_word' id='word_1_26' title='bbox 783 947 833 1007; x_wconf 78' lang='grc' dir='ltr'>καὶ</span> <span class='ocrx_word' id='word_1_27' title='bbox 859 940 933 1006; x_wconf 66' lang='lat' dir='ltr'><strong>‹imi›</strong></span> <span class='ocrx_word' id='word_1_28' title='bbox 957 935 1020 1007; x_wconf 79' lang='grc' dir='ltr'>τοῦ</span> <span class='ocrx_word' id='word_1_29' title='bbox 1046 941 1152 1027; x_wconf 71' lang='grc' dir='ltr'>ᾠθέου</span> <span class='ocrx_word' id='word_1_30' title='bbox 1181 937 1287 1008; x_wconf 79' lang='grc' dir='ltr'>αὐτοῦ</span> <span class='ocrx_word' id='word_1_31' title='bbox 1318 949 1369 1008; x_wconf 74' lang='grc' dir='ltr'>καὶ</span> <span class='ocrx_word' id='word_1_32' title='bbox 1394 938 1462 1010; x_wconf 69' lang='grc' dir='ltr'>τΐισ</span> 
     </span>
     <span class='ocr_line' id='line_1_5' title="bbox 261 1046 1459 1141; baseline 0.003 -25"><span class='ocrx_word' id='word_1_33' title='bbox 261 1046 434 1136; x_wconf 81' lang='grc' dir='ltr'>λθωηστῇ</span> <span class='ocrx_word' id='word_1_34' title='bbox 446 1052 551 1138; x_wconf 80' lang='grc' dir='ltr'>ιἰμέρᾳ</span> <span class='ocrx_word' id='word_1_35' title='bbox 567 1054 673 1141; x_wconf 75' lang='grc' dir='ltr'>ἐκεῐμμ</span> <span class='ocrx_word' id='word_1_36' title='bbox 689 1060 815 1141; x_wconf 76' lang='grc' dir='ltr'>ᾡαγεῖμ</span> <span class='ocrx_word' id='word_1_37' title='bbox 832 1053 852 1119; x_wconf 69' lang='grc' dir='ltr'>ἢ</span> <span class='ocrx_word' id='word_1_38' title='bbox 867 1060 958 1138; x_wconf 75' lang='grc' dir='ltr'>ωιεῖμ</span> <span class='ocrx_word' id='word_1_39' title='bbox 976 1052 1034 1118; x_wconf 83' lang='grc' dir='ltr'>οῦκ</span> <span class='ocrx_word' id='word_1_40' title='bbox 1049 1051 1208 1119; x_wconf 75' lang='grc' dir='ltr'>ηθέλησε.</span> <span class='ocrx_word' id='word_1_41' title='bbox 1239 1054 1459 1140; x_wconf 84' lang='grc' dir='ltr'>διεμημθσατο</span> 
     </span>
     <span class='ocr_line' id='line_1_6' title="bbox 266 1155 1461 1252; baseline 0.003 -25"><span class='ocrx_word' id='word_1_42' title='bbox 266 1166 313 1241; x_wconf 80' lang='grc' dir='ltr'>δέ,</span> <span class='ocrx_word' id='word_1_43' title='bbox 334 1168 384 1230; x_wconf 71' lang='grc' dir='ltr'>καὶ</span> <span class='ocrx_word' id='word_1_44' title='bbox 400 1155 504 1251; x_wconf 69' lang='grc' dir='ltr'>ιἰλθεμ</span> <span class='ocrx_word' id='word_1_45' title='bbox 521 1164 616 1251; x_wconf 84' lang='grc' dir='ltr'>ωρθσ</span> <span class='ocrx_word' id='word_1_46' title='bbox 632 1164 734 1252; x_wconf 83' lang='grc' dir='ltr'>αῦτόμ</span> <span class='ocrx_word' id='word_1_47' title='bbox 752 1165 834 1250; x_wconf 83' lang='grc' dir='ltr'>ὄλομ</span> <span class='ocrx_word' id='word_1_48' title='bbox 850 1165 892 1230; x_wconf 85' lang='grc' dir='ltr'>τὸ</span> <span class='ocrx_word' id='word_1_49' title='bbox 909 1168 1077 1252; x_wconf 82' lang='grc' dir='ltr'>συμέδριομ</span> <span class='ocrx_word' id='word_1_50' title='bbox 1095 1164 1148 1249; x_wconf 74' lang='grc' dir='ltr'>ἀφ’</span> <span class='ocrx_word' id='word_1_51' title='bbox 1168 1162 1208 1229; x_wconf 82' lang='grc' dir='ltr'>οὗ</span> <span class='ocrx_word' id='word_1_52' title='bbox 1224 1167 1311 1230; x_wconf 70' lang='grc' dir='ltr'>διέθη</span> <span class='ocrx_word' id='word_1_53' title='bbox 1326 1166 1368 1231; x_wconf 86' lang='grc' dir='ltr'>τὸ</span> <span class='ocrx_word' id='word_1_54' title='bbox 1384 1167 1461 1231; x_wconf 81' lang='grc' dir='ltr'>σκθ-</span> 
     </span>
    </p>
   </div>
   <div class='ocr_carea' id='block_1_3' title="bbox 262 1276 1463 1808">
    <p class='ocr_par' dir='ltr' id='par_1_3' title="bbox 262 1276 1463 1808">
     <span class='ocr_line' id='line_1_7' title="bbox 262 1276 1460 1361; baseline 0.004 -23"><span class='ocrx_word' id='word_1_55' title='bbox 262 1298 342 1349; x_wconf 84' lang='grc' dir='ltr'>τοσ,</span> <span class='ocrx_word' id='word_1_56' title='bbox 364 1280 414 1340; x_wconf 76' lang='grc' dir='ltr'>καὶ</span> <span class='ocrx_word' id='word_1_57' title='bbox 435 1279 535 1361; x_wconf 78' lang='grc' dir='ltr'>εῐωεμ</span> <span class='ocrx_word' id='word_1_58' title='bbox 556 1276 651 1361; x_wconf 86' lang='grc' dir='ltr'>ωρθσ</span> <span class='ocrx_word' id='word_1_59' title='bbox 670 1277 731 1361; x_wconf 85' lang='grc' dir='ltr'>τὸμ</span> <span class='ocrx_word' id='word_1_60' title='bbox 752 1276 854 1361; x_wconf 84' lang='grc' dir='ltr'>λαόμ·</span> <span class='ocrx_word' id='word_1_61' title='bbox 881 1279 990 1340; x_wconf 75' lang='grc' dir='ltr'>εἴδετε</span> <span class='ocrx_word' id='word_1_62' title='bbox 1011 1282 1100 1341; x_wconf 66' lang='lat' dir='ltr'>mee</span> <span class='ocrx_word' id='word_1_63' title='bbox 1117 1278 1295 1341; x_wconf 74' lang='grc' dir='ltr'>ἐσκοτίσθη</span> <span class='ocrx_word' id='word_1_64' title='bbox 1316 1276 1460 1354; x_wconf 73' lang='grc' dir='ltr'>ὃῖῖλιοσ,</span> 
     </span>
     <span class='ocr_line' id='line_1_8' title="bbox 264 1384 1459 1473; baseline 0.004 -26"><span class='ocrx_word' id='word_1_65' title='bbox 264 1386 374 1449; x_wconf 70' lang='grc' dir='ltr'>εῒθετε</span> <span class='ocrx_word' id='word_1_66' title='bbox 389 1392 479 1449; x_wconf 70' lang='lat' dir='ltr'>mee</span> <span class='ocrx_word' id='word_1_67' title='bbox 495 1386 636 1471; x_wconf 76' lang='grc' dir='ltr'>ἐσχίσθη</span> <span class='ocrx_word' id='word_1_68' title='bbox 652 1384 694 1449; x_wconf 86' lang='grc' dir='ltr'>τὸ</span> <span class='ocrx_word' id='word_1_69' title='bbox 709 1389 974 1471; x_wconf 86' lang='grc' dir='ltr'>καταωέτασμα.</span> <span class='ocrx_word' id='word_1_70' title='bbox 999 1386 1117 1471; x_wconf 88' lang='grc' dir='ltr'>ὄμταοσ</span> <span class='ocrx_word' id='word_1_71' title='bbox 1127 1387 1203 1473; x_wconf 77' lang='grc' dir='ltr'>ἐγώ</span> <span class='ocrx_word' id='word_1_72' title='bbox 1214 1393 1334 1452; x_wconf 80' lang='grc' dir='ltr'>καλῶσ</span> <span class='ocrx_word' id='word_1_73' title='bbox 1343 1394 1459 1473; x_wconf 78' lang='grc' dir='ltr'>ωοιῶμ</span> 
     </span>
     <span class='ocr_line' id='line_1_9' title="bbox 262 1490 1461 1584; baseline 0.003 -26"><span class='ocrx_word' id='word_1_74' title='bbox 262 1493 322 1581; x_wconf 86' lang='grc' dir='ltr'>τὸμ</span> <span class='ocrx_word' id='word_1_75' title='bbox 344 1494 531 1582; x_wconf 80' lang='grc' dir='ltr'>ἅμθραοωομ</span> <span class='ocrx_word' id='word_1_76' title='bbox 551 1496 612 1582; x_wconf 84' lang='grc' dir='ltr'>τὸμ</span> <span class='ocrx_word' id='word_1_77' title='bbox 634 1495 737 1580; x_wconf 84' lang='grc' dir='ltr'>καλόμ</span> <span class='ocrx_word' id='word_1_78' title='bbox 760 1495 923 1581; x_wconf 82' lang='grc' dir='ltr'>οὖθαμθθσ</span> <span class='ocrx_word' id='word_1_79' title='bbox 942 1490 1107 1583; x_wconf 76' lang='grc' dir='ltr'>ᾡομεῦσαι</span> <span class='ocrx_word' id='word_1_80' title='bbox 1128 1498 1397 1584; x_wconf 82' lang='grc' dir='ltr'>ωροεθυμοθμημ.</span> <span class='ocrx_word' id='word_1_81' title='bbox 1430 1501 1461 1563; x_wconf 87' lang='grc' dir='ltr'>οῖ</span> 
     </span>
     <span class='ocr_line' id='line_1_10' title="bbox 264 1602 1462 1696; baseline 0.005 -27"><span class='ocrx_word' id='word_1_82' title='bbox 264 1607 302 1669; x_wconf 84' lang='grc' dir='ltr'>δέ</span> <span class='ocrx_word' id='word_1_83' title='bbox 326 1602 499 1693; x_wconf 78' lang='grc' dir='ltr'>κακοῦργοι</span> <span class='ocrx_word' id='word_1_84' title='bbox 531 1613 659 1695; x_wconf 75' lang='grc' dir='ltr'>ἔλεγομ</span> <span class='ocrx_word' id='word_1_85' title='bbox 684 1607 779 1694; x_wconf 87' lang='grc' dir='ltr'>ωρὸσ</span> <span class='ocrx_word' id='word_1_86' title='bbox 805 1607 865 1694; x_wconf 86' lang='grc' dir='ltr'>τὸμ</span> <span class='ocrx_word' id='word_1_87' title='bbox 891 1604 1042 1696; x_wconf 82' lang='grc' dir='ltr'>Πιλᾶτομ</span> <span class='ocrx_word' id='word_1_88' title='bbox 1073 1609 1122 1675; x_wconf 82' lang='grc' dir='ltr'>’ότι</span> <span class='ocrx_word' id='word_1_89' title='bbox 1151 1603 1307 1696; x_wconf 78' lang='grc' dir='ltr'>τοιοῦτομ</span> <span class='ocrx_word' id='word_1_90' title='bbox 1333 1609 1462 1675; x_wconf 84' lang='grc' dir='ltr'>σκθτοσ</span> 
     </span>
     <span class='ocr_line' id='line_1_11' title="bbox 264 1717 1463 1808; baseline 0.003 -24"><span class='ocrx_word' id='word_1_91' title='bbox 264 1724 422 1804; x_wconf 74' lang='grc' dir='ltr'>ἐκλειψισ</span> <span class='ocrx_word' id='word_1_92' title='bbox 438 1717 533 1783; x_wconf 72' lang='grc' dir='ltr'>ιἰλίου</span> <span class='ocrx_word' id='word_1_93' title='bbox 550 1722 634 1796; x_wconf 71' lang='grc' dir='ltr'>ἐστί,</span> <span class='ocrx_word' id='word_1_94' title='bbox 654 1718 772 1786; x_wconf 84' lang='grc' dir='ltr'>καθοθσ</span> <span class='ocrx_word' id='word_1_95' title='bbox 788 1722 933 1807; x_wconf 78' lang='grc' dir='ltr'>ἐγέμετο</span> <span class='ocrx_word' id='word_1_96' title='bbox 951 1725 1001 1786; x_wconf 77' lang='grc' dir='ltr'>καὶ</span> <span class='ocrx_word' id='word_1_97' title='bbox 1018 1725 1055 1807; x_wconf 94' lang='grc' dir='ltr'>ἐμ</span> <span class='ocrx_word' id='word_1_98' title='bbox 1072 1725 1206 1808; x_wconf 78' lang='grc' dir='ltr'>ἑτέροιο</span> <span class='ocrx_word' id='word_1_99' title='bbox 1222 1728 1355 1808; x_wconf 82' lang='grc' dir='ltr'>καιροῖσ.</span> <span class='ocrx_word' id='word_1_100' title='bbox 1387 1727 1463 1789; x_wconf 77' lang='lat' dir='ltr'>eim</span> 
     </span>
    </p>
   </div>
   <div class='ocr_carea' id='block_1_4' title="bbox 263 1956 1464 4792">
    <p class='ocr_par' dir='ltr' id='par_1_4' title="bbox 263 1956 1464 4792">
     <span class='ocr_line' id='line_1_12' title="bbox 332 1956 1461 2034; baseline 0.002 -20"><span class='ocrx_word' id='word_1_101' title='bbox 332 1967 356 2014; x_wconf 77' lang='lat'>2.</span> <span class='ocrx_word' id='word_1_102' title='bbox 374 1960 418 2015; x_wconf 78' lang='grc' dir='ltr'>Ὀ</span> <span class='ocrx_word' id='word_1_103' title='bbox 431 1961 464 2015; x_wconf 77' lang='grc' dir='ltr'>δέ</span> <span class='ocrx_word' id='word_1_104' title='bbox 476 1956 699 2034; x_wconf 79' lang='grc' dir='ltr'>ἑκατόμταρχοσ</span> <span class='ocrx_word' id='word_1_105' title='bbox 711 1992 721 2004; x_wconf 85' lang='grc'>·</span> <span class='ocrx_word' id='word_1_106' title='bbox 734 1956 852 2032; x_wconf 66' lang='grc' dir='ltr'>θιηγιθσ.</span> <span class='ocrx_word' id='word_1_107' title='bbox 864 1963 960 2016; x_wconf 81' lang='grc' dir='ltr'>ταῦτα</span> <span class='ocrx_word' id='word_1_108' title='bbox 973 1984 1031 2017; x_wconf 86' lang='lat' dir='ltr'>cem</span> <span class='ocrx_word' id='word_1_109' title='bbox 1044 1981 1098 2018; x_wconf 74' lang='lat' dir='ltr'><strong>ree</strong></span> <span class='ocrx_word' id='word_1_110' title='bbox 1118 1966 1123 2034; x_wconf 80' lang='grc' dir='ltr'>Ι</span> <span class='ocrx_word' id='word_1_111' title='bbox 1143 1966 1159 2017; x_wconf 92' lang='lat'>6</span> <span class='ocrx_word' id='word_1_112' title='bbox 1173 1964 1205 2017; x_wconf 78' lang='grc' dir='ltr'>δέ</span> <span class='ocrx_word' id='word_1_113' title='bbox 1218 1961 1353 2017; x_wconf 79' lang='grc' dir='ltr'>ἀκούσασ</span> <span class='ocrx_word' id='word_1_114' title='bbox 1364 1964 1406 2019; x_wconf 91' lang='grc' dir='ltr'>ἐθ.</span> <span class='ocrx_word' id='word_1_115' title='bbox 1419 1965 1461 2016; x_wconf 78' lang='grc' dir='ltr'>καὶ</span> 
     </span>
     <span class='ocr_line' id='line_1_13' title="bbox 263 2045 1462 2120; baseline 0.003 -20"><span class='ocrx_word' id='word_1_116' title='bbox 263 2049 294 2114; x_wconf 76' lang='grc' dir='ltr'>(Δ</span> <span class='ocrx_word' id='word_1_117' title='bbox 306 2050 361 2114; x_wconf 85' lang='lat' dir='ltr'>em)</span> <span class='ocrx_word' id='word_1_118' title='bbox 374 2047 473 2116; x_wconf 64' lang='grc' dir='ltr'>ἐρεωλ</span> <span class='ocrx_word' id='word_1_119' title='bbox 487 2078 496 2089; x_wconf 87' lang='grc'><strong>-</strong></span> <span class='ocrx_word' id='word_1_120' title='bbox 511 2047 643 2101; x_wconf 74' lang='grc' dir='ltr'>ηθέλησε</span> <span class='ocrx_word' id='word_1_121' title='bbox 656 2068 715 2102; x_wconf 86' lang='lat' dir='ltr'>eum</span> <span class='ocrx_word' id='word_1_122' title='bbox 724 2064 760 2102; x_wconf 74' lang='lat' dir='ltr'>Ae</span> <span class='ocrx_word' id='word_1_123' title='bbox 771 2087 795 2104; x_wconf 89' lang='lat'>..</span> <span class='ocrx_word' id='word_1_124' title='bbox 808 2064 823 2101; x_wconf 86' lang='grc' dir='ltr'>ο</span> <span class='ocrx_word' id='word_1_125' title='bbox 836 2067 879 2102; x_wconf 85' lang='lat' dir='ltr'><strong>ern</strong></span> <span class='ocrx_word' id='word_1_126' title='bbox 893 2048 898 2116; x_wconf 84' lang='grc' dir='ltr'>Ι</span> <span class='ocrx_word' id='word_1_127' title='bbox 912 2045 1111 2119; x_wconf 82' lang='grc' dir='ltr'>θιεμημύσατο</span> <span class='ocrx_word' id='word_1_128' title='bbox 1126 2046 1232 2118; x_wconf 86' lang='grc' dir='ltr'>-ωρόσ</span> <span class='ocrx_word' id='word_1_129' title='bbox 1244 2046 1336 2120; x_wconf 86' lang='grc' dir='ltr'>αὐτθμ</span> <span class='ocrx_word' id='word_1_130' title='bbox 1350 2053 1398 2116; x_wconf 81' lang='lat' dir='ltr'>(ec</span> <span class='ocrx_word' id='word_1_131' title='bbox 1408 2054 1462 2114; x_wconf 82' lang='lat' dir='ltr'>om)</span> 
     </span>
     <span class='ocr_line' id='line_1_14' title="bbox 265 2132 1463 2205; baseline 0.003 -21"><span class='ocrx_word' id='word_1_132' title='bbox 265 2149 336 2202; x_wconf 82' lang='grc' dir='ltr'>·ωρ.</span> <span class='ocrx_word' id='word_1_133' title='bbox 348 2150 375 2187; x_wconf 91' lang='grc' dir='ltr'>τ.</span> <span class='ocrx_word' id='word_1_134' title='bbox 387 2132 463 2205; x_wconf 86' lang='grc' dir='ltr'>λαόμ</span> <span class='ocrx_word' id='word_1_135' title='bbox 476 2137 524 2200; x_wconf 78' lang='lat' dir='ltr'>(ee</span> <span class='ocrx_word' id='word_1_136' title='bbox 536 2137 590 2188; x_wconf 78' lang='lat' dir='ltr'>edd</span> <span class='ocrx_word' id='word_1_137' title='bbox 602 2134 619 2186; x_wconf 87' lang='lat'>6</span> <span class='ocrx_word' id='word_1_138' title='bbox 634 2133 779 2201; x_wconf 77' lang='grc' dir='ltr'>Πιλᾶτοσ)</span> <span class='ocrx_word' id='word_1_139' title='bbox 794 2153 852 2187; x_wconf 86' lang='lat' dir='ltr'>eum</span> <span class='ocrx_word' id='word_1_140' title='bbox 865 2149 918 2187; x_wconf 79' lang='lat' dir='ltr'><strong>reo</strong></span> <span class='ocrx_word' id='word_1_141' title='bbox 932 2136 936 2203; x_wconf 87' lang='grc' dir='ltr'>Ι</span> <span class='ocrx_word' id='word_1_142' title='bbox 951 2134 1045 2186; x_wconf 75' lang='grc' dir='ltr'>εἴδετε</span> <span class='ocrx_word' id='word_1_143' title='bbox 1056 2137 1134 2185; x_wconf 71' lang='lat' dir='ltr'>mdiv</span> <span class='ocrx_word' id='word_1_144' title='bbox 1145 2133 1302 2186; x_wconf 80' lang='grc' dir='ltr'>ἐσκοτίσθη</span> <span class='ocrx_word' id='word_1_145' title='bbox 1315 2137 1463 2204; x_wconf 84' lang='grc' dir='ltr'>-ωροεθυ-</span> 
     </span>
     <span class='ocr_line' id='line_1_15' title="bbox 265 2214 1462 2292; baseline 0.003 -22"><span class='ocrx_word' id='word_1_146' title='bbox 265 2214 384 2291; x_wconf 85' lang='grc' dir='ltr'>μοὺμημ</span> <span class='ocrx_word' id='word_1_147' title='bbox 397 2238 456 2272; x_wconf 86' lang='lat' dir='ltr'>eum</span> <span class='ocrx_word' id='word_1_148' title='bbox 468 2237 486 2272; x_wconf 72' lang='lat' dir='ltr'><strong>r</strong></span> <span class='ocrx_word' id='word_1_149' title='bbox 497 2261 504 2274; x_wconf 94' lang='lat'><strong>.</strong></span> <span class='ocrx_word' id='word_1_150' title='bbox 516 2259 523 2273; x_wconf 92' lang='lat'><strong>.</strong></span> <span class='ocrx_word' id='word_1_151' title='bbox 535 2235 570 2274; x_wconf 78' lang='lat' dir='ltr'>ne</span> <span class='ocrx_word' id='word_1_152' title='bbox 580 2220 674 2273; x_wconf 80' lang='grc' dir='ltr'>εῐὸετε</span> <span class='ocrx_word' id='word_1_153' title='bbox 687 2224 763 2273; x_wconf 80' lang='grc' dir='ltr'>ωῶσ</span> <span class='ocrx_word' id='word_1_154' title='bbox 776 2215 901 2291; x_wconf 86' lang='grc' dir='ltr'>σεισμὸσ</span> <span class='ocrx_word' id='word_1_155' title='bbox 913 2220 941 2285; x_wconf 85' lang='lat' dir='ltr'>(e</span> <span class='ocrx_word' id='word_1_156' title='bbox 954 2221 1008 2272; x_wconf 78' lang='lat' dir='ltr'>edd</span> <span class='ocrx_word' id='word_1_157' title='bbox 1021 2217 1129 2289; x_wconf 82' lang='grc' dir='ltr'>μὲγασ)</span> <span class='ocrx_word' id='word_1_158' title='bbox 1142 2219 1184 2271; x_wconf 86' lang='grc' dir='ltr'>καί</span> <span class='ocrx_word' id='word_1_159' title='bbox 1198 2214 1310 2270; x_wconf 87' lang='grc' dir='ltr'>σκότοσ</span> <span class='ocrx_word' id='word_1_160' title='bbox 1322 2219 1369 2290; x_wconf 73' lang='grc' dir='ltr'>ἐφ’</span> <span class='ocrx_word' id='word_1_161' title='bbox 1385 2218 1462 2292; x_wconf 87' lang='grc' dir='ltr'>ὄληρ</span> 
     </span>
     <span class='ocr_line' id='line_1_16' title="bbox 264 2299 1464 2378; baseline 0.003 -23"><span class='ocrx_word' id='word_1_162' title='bbox 264 2299 322 2374; x_wconf 72' lang='grc' dir='ltr'>τηρ</span> <span class='ocrx_word' id='word_1_163' title='bbox 340 2303 515 2376; x_wconf 82' lang='grc' dir='ltr'>οἷκουμέμημ</span> <span class='ocrx_word' id='word_1_164' title='bbox 534 2305 657 2377; x_wconf 81' lang='grc' dir='ltr'>ἐγέμετο</span> <span class='ocrx_word' id='word_1_165' title='bbox 677 2305 719 2358; x_wconf 80' lang='grc' dir='ltr'>καί</span> <span class='ocrx_word' id='word_1_166' title='bbox 734 2301 771 2357; x_wconf 85' lang='grc' dir='ltr'>τὸ</span> <span class='ocrx_word' id='word_1_167' title='bbox 792 2303 1011 2374; x_wconf 82' lang='grc' dir='ltr'>καταωέτασμα</span> <span class='ocrx_word' id='word_1_168' title='bbox 1026 2302 1082 2355; x_wconf 82' lang='grc' dir='ltr'>τοῦ</span> <span class='ocrx_word' id='word_1_169' title='bbox 1101 2301 1175 2375; x_wconf 86' lang='grc' dir='ltr'>μαοῦ</span> <span class='ocrx_word' id='word_1_170' title='bbox 1195 2303 1328 2371; x_wconf 81' lang='grc' dir='ltr'>ἐσχίσθη.</span> <span class='ocrx_word' id='word_1_171' title='bbox 1359 2302 1464 2378; x_wconf 81' lang='grc' dir='ltr'>ὄρτωσ</span> 
     </span>
     <span class='ocr_line' id='line_1_17' title="bbox 267 2384 1463 2464; baseline 0.004 -23"><span class='ocrx_word' id='word_1_172' title='bbox 267 2391 369 2442; x_wconf 79' lang='grc' dir='ltr'>καλῶσ</span> <span class='ocrx_word' id='word_1_173' title='bbox 386 2388 449 2458; x_wconf 80' lang='grc' dir='ltr'>ἐγὼ</span> <span class='ocrx_word' id='word_1_174' title='bbox 463 2389 604 2463; x_wconf 82' lang='grc' dir='ltr'>ἑωοῑουμ,</span> <span class='ocrx_word' id='word_1_175' title='bbox 621 2388 675 2463; x_wconf 85' lang='grc' dir='ltr'>τόμ</span> <span class='ocrx_word' id='word_1_176' title='bbox 688 2386 855 2464; x_wconf 80' lang='grc' dir='ltr'>ἅμθρωωορ</span> <span class='ocrx_word' id='word_1_177' title='bbox 875 2390 978 2461; x_wconf 78' lang='grc' dir='ltr'>οὐδαμ.</span> <span class='ocrx_word' id='word_1_178' title='bbox 992 2389 1062 2460; x_wconf 80' lang='grc' dir='ltr'>ῲομ.</span> <span class='ocrx_word' id='word_1_179' title='bbox 1072 2384 1312 2461; x_wconf 83' lang='grc' dir='ltr'>ωροεθυμούμημ</span> <span class='ocrx_word' id='word_1_180' title='bbox 1327 2394 1357 2457; x_wconf 76' lang='grc' dir='ltr'>(ιτ</span> <span class='ocrx_word' id='word_1_181' title='bbox 1369 2397 1463 2459; x_wconf 83' lang='lat' dir='ltr'><strong>peulle</strong></span> 
     </span>
     <span class='ocr_line' id='line_1_18' title="bbox 266 2473 1463 2550; baseline 0 -20"><span class='ocrx_word' id='word_1_182' title='bbox 266 2480 346 2530; x_wconf 83' lang='lat' dir='ltr'><strong>eiiter</strong></span> <span class='ocrx_word' id='word_1_183' title='bbox 356 2480 422 2530; x_wconf 79' lang='lat' dir='ltr'><strong>haee</strong></span> <span class='ocrx_word' id='word_1_184' title='bbox 432 2484 461 2530; x_wconf 87' lang='lat' dir='ltr'>et</span> <span class='ocrx_word' id='word_1_185' title='bbox 470 2480 537 2530; x_wconf 77' lang='lat' dir='ltr'><strong>eddr</strong></span> <span class='ocrx_word' id='word_1_186' title='bbox 549 2473 718 2550; x_wconf 76' lang='grc' dir='ltr'>ηκοὺσαμεμ</span> <span class='ocrx_word' id='word_1_187' title='bbox 728 2477 760 2530; x_wconf 79' lang='grc' dir='ltr'>δὲ</span> <span class='ocrx_word' id='word_1_188' title='bbox 770 2475 812 2530; x_wconf 78' lang='grc' dir='ltr'>καὶ</span> <span class='ocrx_word' id='word_1_189' title='bbox 821 2477 890 2546; x_wconf 63' lang='lat' dir='ltr'>meet</span> <span class='ocrx_word' id='word_1_190' title='bbox 900 2474 960 2528; x_wconf 70' lang='lat' dir='ltr'><strong>rrie</strong></span> <span class='ocrx_word' id='word_1_191' title='bbox 970 2474 1129 2548; x_wconf 77' lang='grc' dir='ltr'>μαρτυρῐασ</span> <span class='ocrx_word' id='word_1_192' title='bbox 1135 2475 1302 2547; x_wconf 76' lang='grc' dir='ltr'>Διομυσίου</span> <span class='ocrx_word' id='word_1_193' title='bbox 1311 2475 1367 2529; x_wconf 86' lang='grc' dir='ltr'>τοῦ</span> <span class='ocrx_word' id='word_1_194' title='bbox 1377 2476 1463 2545; x_wconf 82' lang='grc' dir='ltr'>ἁρεο·</span> 
     </span>
     <span class='ocr_line' id='line_1_19' title="bbox 263 2559 1461 2635; baseline -0.001 -20"><span class='ocrx_word' id='word_1_195' title='bbox 263 2561 397 2631; x_wconf 80' lang='grc' dir='ltr'>ωαγῑτου</span> <span class='ocrx_word' id='word_1_196' title='bbox 410 2567 466 2630; x_wconf 85' lang='lat' dir='ltr'><strong>ete)</strong></span> <span class='ocrx_word' id='word_1_197' title='bbox 480 2564 486 2635; x_wconf 89' lang='grc' dir='ltr'>Ι</span> <span class='ocrx_word' id='word_1_198' title='bbox 501 2566 526 2618; x_wconf 83' lang='grc' dir='ltr'>οἱ</span> <span class='ocrx_word' id='word_1_199' title='bbox 538 2563 571 2617; x_wconf 76' lang='grc' dir='ltr'>δὲ</span> <span class='ocrx_word' id='word_1_200' title='bbox 583 2563 732 2635; x_wconf 84' lang='grc' dir='ltr'>κακοῦργοι</span> <span class='ocrx_word' id='word_1_201' title='bbox 747 2563 908 2635; x_wconf 87' lang='grc' dir='ltr'>-τοιοῦτομ</span> <span class='ocrx_word' id='word_1_202' title='bbox 921 2559 998 2632; x_wconf 82' lang='grc' dir='ltr'>(τιτὸ</span> <span class='ocrx_word' id='word_1_203' title='bbox 1011 2561 1184 2633; x_wconf 85' lang='grc' dir='ltr'>τοιοῦτομ)·</span> <span class='ocrx_word' id='word_1_204' title='bbox 1199 2591 1208 2602; x_wconf 91' lang='grc'>-</span> <span class='ocrx_word' id='word_1_205' title='bbox 1222 2567 1330 2631; x_wconf 85' lang='grc' dir='ltr'>καιροῖσ</span> <span class='ocrx_word' id='word_1_206' title='bbox 1343 2583 1374 2618; x_wconf 85' lang='lat' dir='ltr'>ex</span> <span class='ocrx_word' id='word_1_207' title='bbox 1388 2580 1421 2618; x_wconf 80' lang='lat' dir='ltr'>eo</span> <span class='ocrx_word' id='word_1_208' title='bbox 1433 2605 1441 2620; x_wconf 90' lang='lat'><strong>.</strong></span> <span class='ocrx_word' id='word_1_209' title='bbox 1455 2603 1461 2614; x_wconf 92' lang='lat'>.</span> 
     </span>
     <span class='ocr_line' id='line_1_20' title="bbox 264 2653 1461 2720; baseline 0.002 -16"><span class='ocrx_word' id='word_1_210' title='bbox 264 2669 282 2704; x_wconf 70' lang='grc' dir='ltr'><strong>Α</strong></span> <span class='ocrx_word' id='word_1_211' title='bbox 296 2655 361 2705; x_wconf 77' lang='lat' dir='ltr'><strong>heee</strong></span> <span class='ocrx_word' id='word_1_212' title='bbox 380 2654 514 2706; x_wconf 73' lang='lat' dir='ltr'><strong>inludere</strong></span> <span class='ocrx_word' id='word_1_213' title='bbox 527 2656 691 2720; x_wconf 74' lang='lat' dir='ltr'><strong>proditorem</strong></span> <span class='ocrx_word' id='word_1_214' title='bbox 704 2658 848 2716; x_wconf 72' lang='lat' dir='ltr'>transfert,</span> <span class='ocrx_word' id='word_1_215' title='bbox 868 2656 901 2707; x_wconf 87' lang='lat' dir='ltr'>de</span> <span class='ocrx_word' id='word_1_216' title='bbox 914 2671 966 2720; x_wconf 88' lang='lat' dir='ltr'>que</span> <span class='ocrx_word' id='word_1_217' title='bbox 979 2656 1057 2720; x_wconf 81' lang='lat' dir='ltr'><strong>plere</strong></span> <span class='ocrx_word' id='word_1_218' title='bbox 1068 2653 1147 2704; x_wconf 82' lang='lat' dir='ltr'><strong>eddit</strong></span> <span class='ocrx_word' id='word_1_219' title='bbox 1159 2669 1227 2718; x_wconf 86' lang='lat' dir='ltr'><strong>quee</strong></span> <span class='ocrx_word' id='word_1_220' title='bbox 1241 2655 1312 2705; x_wconf 85' lang='lat' dir='ltr'><strong>hune</strong></span> <span class='ocrx_word' id='word_1_221' title='bbox 1331 2656 1360 2705; x_wconf 85' lang='lat' dir='ltr'>in</span> <span class='ocrx_word' id='word_1_222' title='bbox 1371 2656 1461 2706; x_wconf 85' lang='lat' dir='ltr'><strong>loeum</strong></span> 
     </span>
     <span class='ocr_line' id='line_1_21' title="bbox 264 2732 1460 2808; baseline -0.003 -17"><span class='ocrx_word' id='word_1_223' title='bbox 264 2757 356 2806; x_wconf 80' lang='lat' dir='ltr'><strong>perum</strong></span> <span class='ocrx_word' id='word_1_224' title='bbox 370 2741 512 2806; x_wconf 68' lang='lat' dir='ltr'><strong>quadrent</strong></span> <span class='ocrx_word' id='word_1_225' title='bbox 536 2741 626 2792; x_wconf 77' lang='lat' dir='ltr'><strong>Habet</strong></span> <span class='ocrx_word' id='word_1_226' title='bbox 643 2743 715 2792; x_wconf 83' lang='lat' dir='ltr'><strong>enim</strong></span> <span class='ocrx_word' id='word_1_227' title='bbox 731 2744 782 2792; x_wconf 80' lang='lat' dir='ltr'><strong>ite:</strong></span> <span class='ocrx_word' id='word_1_228' title='bbox 806 2739 822 2791; x_wconf 98' lang='lat'>6</span> <span class='ocrx_word' id='word_1_229' title='bbox 840 2738 872 2790; x_wconf 78' lang='grc' dir='ltr'>δὲ</span> <span class='ocrx_word' id='word_1_230' title='bbox 887 2735 1006 2791; x_wconf 67' lang='lat' dir='ltr'>‘notens</span> <span class='ocrx_word' id='word_1_231' title='bbox 1026 2736 1085 2789; x_wconf 85' lang='grc' dir='ltr'>ἐκεῖ</span> <span class='ocrx_word' id='word_1_232' title='bbox 1103 2732 1335 2808; x_wconf 82' lang='grc' dir='ltr'>ωαριστάμεμοσ</span> <span class='ocrx_word' id='word_1_233' title='bbox 1356 2736 1460 2808; x_wconf 77' lang='grc' dir='ltr'>εἴωεμ·</span> 
     </span>
     <span class='ocr_line' id='line_1_22' title="bbox 266 2820 1461 2895; baseline 0 -21"><span class='ocrx_word' id='word_1_234' title='bbox 266 2821 399 2892; x_wconf 71' lang='grc' dir='ltr'>ἔκλειψισ</span> <span class='ocrx_word' id='word_1_235' title='bbox 416 2822 500 2876; x_wconf 75' lang='grc' dir='ltr'>ιἰλίου</span> <span class='ocrx_word' id='word_1_236' title='bbox 517 2822 592 2884; x_wconf 82' lang='grc' dir='ltr'>ἐστί,</span> <span class='ocrx_word' id='word_1_237' title='bbox 611 2825 712 2877; x_wconf 82' lang='grc' dir='ltr'>καθὼσ</span> <span class='ocrx_word' id='word_1_238' title='bbox 727 2824 851 2895; x_wconf 79' lang='grc' dir='ltr'>ἐγὲρετο</span> <span class='ocrx_word' id='word_1_239' title='bbox 869 2824 911 2876; x_wconf 82' lang='grc' dir='ltr'>καί</span> <span class='ocrx_word' id='word_1_240' title='bbox 928 2823 961 2894; x_wconf 89' lang='grc' dir='ltr'>ἐμ</span> <span class='ocrx_word' id='word_1_241' title='bbox 979 2821 1094 2891; x_wconf 76' lang='grc' dir='ltr'>ἑτέροιο</span> <span class='ocrx_word' id='word_1_242' title='bbox 1113 2825 1229 2891; x_wconf 85' lang='grc' dir='ltr'>καιροῖσ.</span> <span class='ocrx_word' id='word_1_243' title='bbox 1254 2820 1316 2874; x_wconf 81' lang='grc' dir='ltr'>ἁλλ’</span> <span class='ocrx_word' id='word_1_244' title='bbox 1336 2822 1424 2893; x_wconf 86' lang='grc' dir='ltr'>ὄμωσ</span> <span class='ocrx_word' id='word_1_245' title='bbox 1443 2822 1461 2874; x_wconf 89' lang='lat'>6</span> 
     </span>
     <span class='ocr_line' id='line_1_23' title="bbox 264 2901 1460 2983; baseline 0 -24"><span class='ocrx_word' id='word_1_246' title='bbox 264 2904 343 2960; x_wconf 88' lang='grc' dir='ltr'>λαόσ</span> <span class='ocrx_word' id='word_1_247' title='bbox 360 2905 435 2960; x_wconf 88' lang='grc' dir='ltr'>ὄλοσ</span> <span class='ocrx_word' id='word_1_248' title='bbox 452 2906 545 2983; x_wconf 74' lang='grc' dir='ltr'>αὐτὰρ</span> <span class='ocrx_word' id='word_1_249' title='bbox 563 2911 604 2963; x_wconf 89' lang='grc' dir='ltr'>καί</span> <span class='ocrx_word' id='word_1_250' title='bbox 622 2907 717 2983; x_wconf 88' lang='grc' dir='ltr'>μθμομ</span> <span class='ocrx_word' id='word_1_251' title='bbox 732 2906 914 2982; x_wconf 84' lang='grc' dir='ltr'>κατηγόρουμ</span> <span class='ocrx_word' id='word_1_252' title='bbox 929 2909 970 2962; x_wconf 85' lang='grc' dir='ltr'>καί</span> <span class='ocrx_word' id='word_1_253' title='bbox 982 2909 1095 2979; x_wconf 73' lang='grc' dir='ltr'>ὔΒριςομ</span> <span class='ocrx_word' id='word_1_254' title='bbox 1109 2908 1150 2960; x_wconf 82' lang='grc' dir='ltr'>καί</span> <span class='ocrx_word' id='word_1_255' title='bbox 1169 2901 1281 2981; x_wconf 79' lang='grc' dir='ltr'>ἐωᾶμω</span> <span class='ocrx_word' id='word_1_256' title='bbox 1295 2905 1388 2960; x_wconf 82' lang='grc' dir='ltr'>αὐτοῦ</span> <span class='ocrx_word' id='word_1_257' title='bbox 1401 2904 1460 2978; x_wconf 70' lang='lat' dir='ltr'><strong>reip</strong></span> 
     </span>
     <span class='ocr_line' id='line_1_24' title="bbox 265 2989 1461 3067; baseline 0.001 -21"><span class='ocrx_word' id='word_1_258' title='bbox 265 2992 359 3065; x_wconf 82' lang='grc' dir='ltr'>αῑτὶαμ</span> <span class='ocrx_word' id='word_1_259' title='bbox 373 2992 508 3066; x_wconf 83' lang='grc' dir='ltr'>ἐτίθεσαμ</span> <span class='ocrx_word' id='word_1_260' title='bbox 521 2994 581 3049; x_wconf 61' lang='lat' dir='ltr'>nte</span> <span class='ocrx_word' id='word_1_261' title='bbox 593 2997 812 3066; x_wconf 83' lang='grc' dir='ltr'>σταυρώσεωσ,</span> <span class='ocrx_word' id='word_1_262' title='bbox 832 2996 873 3048; x_wconf 89' lang='grc' dir='ltr'>καί</span> <span class='ocrx_word' id='word_1_263' title='bbox 887 2991 1039 3067; x_wconf 71' lang='grc' dir='ltr'>κατεέόαομ</span> <span class='ocrx_word' id='word_1_264' title='bbox 1054 2991 1147 3047; x_wconf 81' lang='grc' dir='ltr'>αὐτοῦ</span> <span class='ocrx_word' id='word_1_265' title='bbox 1159 2989 1296 3063; x_wconf 80' lang='grc' dir='ltr'>ωὰμτεσ·</span> <span class='ocrx_word' id='word_1_266' title='bbox 1314 2994 1330 3046; x_wconf 94' lang='lat'>6</span> <span class='ocrx_word' id='word_1_267' title='bbox 1348 2994 1461 3062; x_wconf 81' lang='grc' dir='ltr'>ωροδό·</span> 
     </span>
     <span class='ocr_line' id='line_1_25' title="bbox 265 3077 1461 3156; baseline -0.001 -23"><span class='ocrx_word' id='word_1_268' title='bbox 265 3097 333 3141; x_wconf 89' lang='grc' dir='ltr'>τησ,</span> <span class='ocrx_word' id='word_1_269' title='bbox 350 3080 505 3154; x_wconf 86' lang='grc' dir='ltr'>λὲγομτεσ,</span> <span class='ocrx_word' id='word_1_270' title='bbox 525 3079 746 3156; x_wconf 84' lang='grc' dir='ltr'>ὀωαρὰμομοσ,</span> <span class='ocrx_word' id='word_1_271' title='bbox 765 3079 937 3142; x_wconf 80' lang='grc' dir='ltr'>ὂᾶωιστοσ,</span> <span class='ocrx_word' id='word_1_272' title='bbox 956 3077 1157 3150; x_wconf 79' lang='grc' dir='ltr'>ὀὰχὰριστοσ,</span> <span class='ocrx_word' id='word_1_273' title='bbox 1177 3083 1193 3133; x_wconf 91' lang='lat'>6</span> <span class='ocrx_word' id='word_1_274' title='bbox 1213 3078 1268 3150; x_wconf 89' lang='grc' dir='ltr'>τόμ</span> <span class='ocrx_word' id='word_1_275' title='bbox 1287 3077 1461 3152; x_wconf 78' lang='grc' dir='ltr'>θιθὰσκαλορ</span> 
     </span>
     <span class='ocr_line' id='line_1_26' title="bbox 267 3163 1462 3241; baseline -0.002 -20"><span class='ocrx_word' id='word_1_276' title='bbox 267 3166 361 3221; x_wconf 79' lang='grc' dir='ltr'>αὐτοῦ</span> <span class='ocrx_word' id='word_1_277' title='bbox 380 3166 550 3240; x_wconf 77' lang='grc' dir='ltr'>ῲομεθσασ,</span> <span class='ocrx_word' id='word_1_278' title='bbox 570 3170 586 3222; x_wconf 88' lang='lat'>6</span> <span class='ocrx_word' id='word_1_279' title='bbox 605 3170 675 3241; x_wconf 79' lang='lat' dir='ltr'>mup&#39;</span> <span class='ocrx_word' id='word_1_280' title='bbox 696 3169 788 3224; x_wconf 82' lang='grc' dir='ltr'>αὐτοῦ</span> <span class='ocrx_word' id='word_1_281' title='bbox 801 3163 977 3223; x_wconf 80' lang='grc' dir='ltr'>τόσωὸὁασ</span> <span class='ocrx_word' id='word_1_282' title='bbox 991 3165 1191 3241; x_wconf 87' lang='grc' dir='ltr'>μιωτόμεμοσ,</span> <span class='ocrx_word' id='word_1_283' title='bbox 1209 3169 1225 3220; x_wconf 87' lang='lat'>6</span> <span class='ocrx_word' id='word_1_284' title='bbox 1244 3165 1280 3221; x_wconf 87' lang='grc' dir='ltr'>τὸ</span> <span class='ocrx_word' id='word_1_285' title='bbox 1300 3164 1462 3240; x_wconf 79' lang='grc' dir='ltr'>Βαλὰμτισμ</span> 
     </span>
     <span class='ocr_line' id='line_1_27' title="bbox 267 3249 1463 3330; baseline -0.001 -23"><span class='ocrx_word' id='word_1_286' title='bbox 267 3252 360 3307; x_wconf 81' lang='grc' dir='ltr'>αὐτοῦ</span> <span class='ocrx_word' id='word_1_287' title='bbox 374 3256 510 3327; x_wconf 76' lang='grc' dir='ltr'>κατέχωμ</span> <span class='ocrx_word' id='word_1_288' title='bbox 524 3257 566 3310; x_wconf 84' lang='grc' dir='ltr'>καί</span> <span class='ocrx_word' id='word_1_289' title='bbox 579 3255 638 3310; x_wconf 86' lang='grc' dir='ltr'>ὅσα</span> <span class='ocrx_word' id='word_1_290' title='bbox 650 3257 747 3330; x_wconf 76' lang='grc' dir='ltr'>θέλωμ</span> <span class='ocrx_word' id='word_1_291' title='bbox 761 3252 860 3310; x_wconf 82' lang='grc' dir='ltr'>θιὸοὺσ</span> <span class='ocrx_word' id='word_1_292' title='bbox 875 3257 903 3325; x_wconf 67' lang='grc' dir='ltr'>ἐρ</span> <span class='ocrx_word' id='word_1_293' title='bbox 922 3254 1014 3308; x_wconf 82' lang='grc' dir='ltr'>αὐτοῦ</span> <span class='ocrx_word' id='word_1_294' title='bbox 1032 3257 1074 3309; x_wconf 83' lang='grc' dir='ltr'>καὶ</span> <span class='ocrx_word' id='word_1_295' title='bbox 1093 3253 1151 3308; x_wconf 87' lang='grc' dir='ltr'>ὅσα</span> <span class='ocrx_word' id='word_1_296' title='bbox 1169 3254 1267 3326; x_wconf 77' lang='grc' dir='ltr'>θέλωμ</span> <span class='ocrx_word' id='word_1_297' title='bbox 1281 3249 1463 3307; x_wconf 77' lang='grc' dir='ltr'>ᾱωοκοωτό·</span> 
     </span>
     <span class='ocr_line' id='line_1_28' title="bbox 267 3335 1464 3415; baseline 0.001 -24"><span class='ocrx_word' id='word_1_298' title='bbox 267 3356 370 3412; x_wconf 89' lang='grc' dir='ltr'>μεμοσ.</span> <span class='ocrx_word' id='word_1_299' title='bbox 389 3341 436 3412; x_wconf 74' lang='grc' dir='ltr'>ἐφ’</span> <span class='ocrx_word' id='word_1_300' title='bbox 452 3341 498 3393; x_wconf 83' lang='lat' dir='ltr'>oie</span> <span class='ocrx_word' id='word_1_301' title='bbox 511 3338 605 3395; x_wconf 86' lang='grc' dir='ltr'>οῦτοσ</span> <span class='ocrx_word' id='word_1_302' title='bbox 617 3342 795 3415; x_wconf 80' lang='grc' dir='ltr'>ἁγαμακτώμ</span> <span class='ocrx_word' id='word_1_303' title='bbox 810 3342 851 3395; x_wconf 78' lang='grc' dir='ltr'>καὶ</span> <span class='ocrx_word' id='word_1_304' title='bbox 865 3339 905 3414; x_wconf 72' lang='grc' dir='ltr'>μη</span> <span class='ocrx_word' id='word_1_305' title='bbox 918 3335 1088 3414; x_wconf 79' lang='grc' dir='ltr'>θυράμεμοσ</span> <span class='ocrx_word' id='word_1_306' title='bbox 1099 3340 1175 3394; x_wconf 88' lang='grc' dir='ltr'>τοὺσ</span> <span class='ocrx_word' id='word_1_307' title='bbox 1187 3339 1375 3413; x_wconf 78' lang='grc' dir='ltr'>ὀμειθισμοὺσ</span> <span class='ocrx_word' id='word_1_308' title='bbox 1386 3343 1464 3393; x_wconf 78' lang='lat' dir='ltr'><strong>isme-</strong></span> 
     </span>
     <span class='ocr_line' id='line_1_29' title="bbox 268 3425 1463 3502; baseline 0.001 -24"><span class='ocrx_word' id='word_1_309' title='bbox 268 3426 366 3498; x_wconf 78' lang='grc' dir='ltr'>μέμειμ</span> <span class='ocrx_word' id='word_1_310' title='bbox 379 3434 447 3481; x_wconf 86' lang='grc' dir='ltr'>ταῖσ</span> <span class='ocrx_word' id='word_1_311' title='bbox 459 3429 576 3489; x_wconf 71' lang='lat' dir='ltr'><strong>(ironic,</strong></span> <span class='ocrx_word' id='word_1_312' title='bbox 592 3425 848 3502; x_wconf 82' lang='grc' dir='ltr'>ωαραγεμὸμεροσ</span> <span class='ocrx_word' id='word_1_313' title='bbox 865 3431 897 3501; x_wconf 86' lang='grc' dir='ltr'>ἐρ</span> <span class='ocrx_word' id='word_1_314' title='bbox 916 3429 961 3498; x_wconf 80' lang='grc' dir='ltr'>τῷ</span> <span class='ocrx_word' id='word_1_315' title='bbox 977 3429 1043 3501; x_wconf 83' lang='grc' dir='ltr'>ραῴ</span> <span class='ocrx_word' id='word_1_316' title='bbox 1062 3431 1104 3481; x_wconf 85' lang='grc' dir='ltr'>καί</span> <span class='ocrx_word' id='word_1_317' title='bbox 1117 3431 1214 3500; x_wconf 85' lang='grc' dir='ltr'>εὑρὼμ</span> <span class='ocrx_word' id='word_1_318' title='bbox 1227 3426 1305 3481; x_wconf 89' lang='grc' dir='ltr'>τοὺσ</span> <span class='ocrx_word' id='word_1_319' title='bbox 1317 3427 1463 3497; x_wconf 73' lang='grc' dir='ltr'>ἁρχιερεῖσ</span> 
     </span>
     <span class='ocr_line' id='line_1_30' title="bbox 267 3511 1460 3592; baseline 0.002 -26"><span class='ocrx_word' id='word_1_320' title='bbox 267 3515 310 3567; x_wconf 79' lang='grc' dir='ltr'>καὶ</span> <span class='ocrx_word' id='word_1_321' title='bbox 331 3511 407 3567; x_wconf 79' lang='grc' dir='ltr'>τοὺσ</span> <span class='ocrx_word' id='word_1_322' title='bbox 426 3520 609 3588; x_wconf 79' lang='grc' dir='ltr'>γραμματεῖα</span> <span class='ocrx_word' id='word_1_323' title='bbox 630 3517 729 3586; x_wconf 75' lang='grc' dir='ltr'>εἷωεμ·</span> <span class='ocrx_word' id='word_1_324' title='bbox 752 3517 891 3587; x_wconf 81' lang='grc' dir='ltr'>γιμώσκω</span> <span class='ocrx_word' id='word_1_325' title='bbox 913 3514 1041 3568; x_wconf 77' lang='grc' dir='ltr'>ἀληθῶσ</span> <span class='ocrx_word' id='word_1_326' title='bbox 1062 3516 1106 3592; x_wconf 66' lang='grc' dir='ltr'>ὅτι</span> <span class='ocrx_word' id='word_1_327' title='bbox 1129 3519 1227 3567; x_wconf 79' lang='grc' dir='ltr'>κακῶσ</span> <span class='ocrx_word' id='word_1_328' title='bbox 1244 3515 1392 3568; x_wconf 80' lang='grc' dir='ltr'>ἐωοίησα·</span> <span class='ocrx_word' id='word_1_329' title='bbox 1417 3516 1460 3568; x_wconf 84' lang='grc' dir='ltr'>καί</span> 
     </span>
     <span class='ocr_line' id='line_1_31' title="bbox 265 3596 1464 3674; baseline 0.001 -23"><span class='ocrx_word' id='word_1_330' title='bbox 265 3596 376 3653; x_wconf 60' lang='lat' dir='ltr'><strong>nitere</strong></span> <span class='ocrx_word' id='word_1_331' title='bbox 392 3596 430 3654; x_wconf 83' lang='grc' dir='ltr'>τὰ</span> <span class='ocrx_word' id='word_1_332' title='bbox 448 3597 566 3669; x_wconf 82' lang='grc' dir='ltr'>ἀργύρια</span> <span class='ocrx_word' id='word_1_333' title='bbox 582 3599 602 3654; x_wconf 82' lang='grc' dir='ltr'>ὅ</span> <span class='ocrx_word' id='word_1_334' title='bbox 622 3619 668 3674; x_wconf 89' lang='grc' dir='ltr'>μοι</span> <span class='ocrx_word' id='word_1_335' title='bbox 688 3602 838 3654; x_wconf 76' lang='grc' dir='ltr'>δεδώκατε</span> <span class='ocrx_word' id='word_1_336' title='bbox 857 3597 901 3653; x_wconf 76' lang='grc' dir='ltr'>διὰ</span> <span class='ocrx_word' id='word_1_337' title='bbox 923 3599 959 3654; x_wconf 88' lang='grc' dir='ltr'>τὸ</span> <span class='ocrx_word' id='word_1_338' title='bbox 978 3600 1143 3672; x_wconf 83' lang='grc' dir='ltr'>ωροὸοῦμαι</span> <span class='ocrx_word' id='word_1_339' title='bbox 1166 3599 1219 3673; x_wconf 87' lang='grc' dir='ltr'>τόρ</span> <span class='ocrx_word' id='word_1_340' title='bbox 1235 3600 1357 3671; x_wconf 82' lang='grc' dir='ltr'>Ἱησοῡμ</span> <span class='ocrx_word' id='word_1_341' title='bbox 1379 3597 1464 3669; x_wconf 85' lang='grc' dir='ltr'>ωρὸσ</span> 
     </span>
     <span class='ocr_line' id='line_1_32' title="bbox 267 3681 1462 3760; baseline 0.001 -23"><span class='ocrx_word' id='word_1_342' title='bbox 267 3681 366 3758; x_wconf 80' lang='grc' dir='ltr'>ᾠόμομ</span> <span class='ocrx_word' id='word_1_343' title='bbox 385 3687 460 3759; x_wconf 83' lang='grc' dir='ltr'>ῡμΐρ.</span> <span class='ocrx_word' id='word_1_344' title='bbox 485 3685 524 3759; x_wconf 80' lang='grc' dir='ltr'>μη</span> <span class='ocrx_word' id='word_1_345' title='bbox 544 3683 698 3760; x_wconf 81' lang='grc' dir='ltr'>θελθρτωμ</span> <span class='ocrx_word' id='word_1_346' title='bbox 720 3689 752 3741; x_wconf 74' lang='lat'>66</span> <span class='ocrx_word' id='word_1_347' title='bbox 767 3687 997 3758; x_wconf 77' lang='grc' dir='ltr'>τῶμἹουθαῑαομ</span> <span class='ocrx_word' id='word_1_348' title='bbox 1016 3687 1148 3755; x_wconf 70' lang='grc' dir='ltr'>ὸέρασθαι</span> <span class='ocrx_word' id='word_1_349' title='bbox 1165 3685 1203 3739; x_wconf 82' lang='grc' dir='ltr'>τὰ</span> <span class='ocrx_word' id='word_1_350' title='bbox 1216 3683 1349 3755; x_wconf 79' lang='grc' dir='ltr'>ἀργύρια,</span> <span class='ocrx_word' id='word_1_351' title='bbox 1368 3686 1462 3757; x_wconf 70' lang='grc' dir='ltr'>ρίψασ</span> 
     </span>
     <span class='ocr_line' id='line_1_33' title="bbox 267 3769 1464 3846; baseline -0.001 -22"><span class='ocrx_word' id='word_1_352' title='bbox 267 3771 364 3825; x_wconf 83' lang='grc' dir='ltr'>ταῦτα</span> <span class='ocrx_word' id='word_1_353' title='bbox 377 3772 470 3844; x_wconf 77' lang='grc' dir='ltr'>μέσομ</span> <span class='ocrx_word' id='word_1_354' title='bbox 484 3774 587 3846; x_wconf 79' lang='grc' dir='ltr'>αῡτῶμ</span> <span class='ocrx_word' id='word_1_355' title='bbox 601 3773 707 3844; x_wconf 80' lang='grc' dir='ltr'>ἐῴυγε,</span> <span class='ocrx_word' id='word_1_356' title='bbox 727 3774 767 3826; x_wconf 79' lang='grc' dir='ltr'>καὶ</span> <span class='ocrx_word' id='word_1_357' title='bbox 787 3773 935 3843; x_wconf 81' lang='grc' dir='ltr'>ἁωελθὼμ</span> <span class='ocrx_word' id='word_1_358' title='bbox 948 3773 1096 3842; x_wconf 81' lang='grc' dir='ltr'>ἐωοίησεμ</span> <span class='ocrx_word' id='word_1_359' title='bbox 1115 3769 1250 3843; x_wconf 84' lang='grc' dir='ltr'>ᾶγχὸμημ</span> <span class='ocrx_word' id='word_1_360' title='bbox 1269 3769 1314 3824; x_wconf 62' lang='lat' dir='ltr'>eid</span> <span class='ocrx_word' id='word_1_361' title='bbox 1330 3773 1464 3842; x_wconf 84' lang='grc' dir='ltr'>σχοιμῑου</span> 
     </span>
     <span class='ocr_line' id='line_1_34' title="bbox 268 3856 1463 3930; baseline 0.001 -21"><span class='ocrx_word' id='word_1_362' title='bbox 268 3859 310 3909; x_wconf 85' lang='grc' dir='ltr'>καί</span> <span class='ocrx_word' id='word_1_363' title='bbox 323 3856 503 3930; x_wconf 78' lang='grc' dir='ltr'>ἐκρεμάσθη,</span> <span class='ocrx_word' id='word_1_364' title='bbox 524 3860 565 3912; x_wconf 79' lang='grc' dir='ltr'>καὶ</span> <span class='ocrx_word' id='word_1_365' title='bbox 584 3860 688 3913; x_wconf 82' lang='grc' dir='ltr'>οὕτωσ</span> <span class='ocrx_word' id='word_1_366' title='bbox 704 3857 872 3929; x_wconf 64' lang='grc' dir='ltr'>ᾶωηγρατο.</span> <span class='ocrx_word' id='word_1_367' title='bbox 906 3863 1076 3914; x_wconf 72' lang='lat' dir='ltr'><strong>conferenda</strong></span> <span class='ocrx_word' id='word_1_368' title='bbox 1095 3865 1160 3913; x_wconf 77' lang='lat' dir='ltr'><strong>heee</strong></span> <span class='ocrx_word' id='word_1_369' title='bbox 1178 3870 1242 3912; x_wconf 85' lang='lat' dir='ltr'><strong>eunt</strong></span> <span class='ocrx_word' id='word_1_370' title='bbox 1260 3876 1319 3912; x_wconf 87' lang='lat' dir='ltr'>cum</span> <span class='ocrx_word' id='word_1_371' title='bbox 1337 3864 1375 3913; x_wconf 87' lang='lat' dir='ltr'><strong>eir</strong></span> <span class='ocrx_word' id='word_1_372' title='bbox 1395 3876 1463 3927; x_wconf 77' lang='lat' dir='ltr'><strong>quae</strong></span> 
     </span>
     <span class='ocr_line' id='line_1_35' title="bbox 267 3946 1461 4014; baseline -0.001 -17"><span class='ocrx_word' id='word_1_373' title='bbox 267 3962 347 4012; x_wconf 79' lang='lat' dir='ltr'><strong>rupte</strong></span> <span class='ocrx_word' id='word_1_374' title='bbox 359 3964 419 4013; x_wconf 68' lang='lat' dir='ltr'>pig.</span> <span class='ocrx_word' id='word_1_375' title='bbox 430 3950 480 3998; x_wconf 81' lang='lat'>268</span> <span class='ocrx_word' id='word_1_376' title='bbox 493 3966 524 4014; x_wconf 81' lang='lat' dir='ltr'>eq</span> <span class='ocrx_word' id='word_1_377' title='bbox 538 3964 569 3999; x_wconf 87' lang='lat' dir='ltr'>ex</span> <span class='ocrx_word' id='word_1_378' title='bbox 581 3950 631 3999; x_wconf 84' lang='lat' dir='ltr'>eod</span> <span class='ocrx_word' id='word_1_379' title='bbox 644 3963 659 4000; x_wconf 85' lang='lat' dir='ltr'><strong>c</strong></span> <span class='ocrx_word' id='word_1_380' title='bbox 672 3952 868 4014; x_wconf 83' lang='lat' dir='ltr'><strong>exrcriprimue.</strong></span> <span class='ocrx_word' id='word_1_381' title='bbox 886 3950 942 3999; x_wconf 82' lang='lat' dir='ltr'>Iem</span> <span class='ocrx_word' id='word_1_382' title='bbox 955 3964 1017 3998; x_wconf 86' lang='lat' dir='ltr'><strong>vero</strong></span> <span class='ocrx_word' id='word_1_383' title='bbox 1030 3949 1153 4012; x_wconf 84' lang='lat' dir='ltr'><strong>requitur</strong></span> <span class='ocrx_word' id='word_1_384' title='bbox 1166 3946 1324 3997; x_wconf 71' lang='lat' dir='ltr'><strong>ludaeorum</strong></span> <span class='ocrx_word' id='word_1_385' title='bbox 1337 3956 1366 3997; x_wconf 85' lang='lat' dir='ltr'>et</span> <span class='ocrx_word' id='word_1_386' title='bbox 1378 3948 1461 3997; x_wconf 70' lang='lat' dir='ltr'><strong>Pilati</strong></span> 
     </span>
     <span class='ocr_line' id='line_1_36' title="bbox 267 4032 1463 4099; baseline -0.001 -18"><span class='ocrx_word' id='word_1_387' title='bbox 267 4033 301 4082; x_wconf 89' lang='lat' dir='ltr'>de</span> <span class='ocrx_word' id='word_1_388' title='bbox 311 4034 393 4083; x_wconf 87' lang='lat' dir='ltr'><strong>titulo</strong></span> <span class='ocrx_word' id='word_1_389' title='bbox 407 4036 493 4084; x_wconf 73' lang='lat' dir='ltr'><strong>erucii</strong></span> <span class='ocrx_word' id='word_1_390' title='bbox 506 4035 663 4099; x_wconf 72' lang='lat' dir='ltr'><strong>disputatio,</strong></span> <span class='ocrx_word' id='word_1_391' title='bbox 683 4034 847 4085; x_wconf 76' lang='lat' dir='ltr'><strong>eonferende</strong></span> <span class='ocrx_word' id='word_1_392' title='bbox 860 4051 918 4084; x_wconf 86' lang='lat' dir='ltr'>eum</span> <span class='ocrx_word' id='word_1_393' title='bbox 936 4035 975 4085; x_wconf 82' lang='lat' dir='ltr'><strong>eir</strong></span> <span class='ocrx_word' id='word_1_394' title='bbox 988 4049 1056 4097; x_wconf 81' lang='lat' dir='ltr'><strong>quee</strong></span> <span class='ocrx_word' id='word_1_395' title='bbox 1069 4034 1103 4082; x_wconf 82' lang='lat' dir='ltr'>ed</span> <span class='ocrx_word' id='word_1_396' title='bbox 1116 4033 1147 4091; x_wconf 81' lang='lat' dir='ltr'>X,</span> <span class='ocrx_word' id='word_1_397' title='bbox 1166 4036 1190 4082; x_wconf 82' lang='grc'>3.</span> <span class='ocrx_word' id='word_1_398' title='bbox 1208 4047 1240 4081; x_wconf 83' lang='lat' dir='ltr'>ex</span> <span class='ocrx_word' id='word_1_399' title='bbox 1252 4032 1371 4081; x_wconf 79' lang='lat' dir='ltr'><strong>codieec</strong></span> <span class='ocrx_word' id='word_1_400' title='bbox 1391 4037 1463 4081; x_wconf 78' lang='lat' dir='ltr'><strong>ette-</strong></span> 
     </span>
     <span class='ocr_line' id='line_1_37' title="bbox 267 4110 1463 4183; baseline -0.003 -17"><span class='ocrx_word' id='word_1_401' title='bbox 267 4118 355 4167; x_wconf 84' lang='lat' dir='ltr'><strong>limur.</strong></span> <span class='ocrx_word' id='word_1_402' title='bbox 377 4119 489 4183; x_wconf 78' lang='lat' dir='ltr'><strong>Legitur</strong></span> <span class='ocrx_word' id='word_1_403' title='bbox 502 4121 530 4169; x_wconf 88' lang='lat' dir='ltr'>in</span> <span class='ocrx_word' id='word_1_404' title='bbox 543 4120 635 4170; x_wconf 87' lang='lat' dir='ltr'><strong>eodiee</strong></span> <span class='ocrx_word' id='word_1_405' title='bbox 647 4134 665 4170; x_wconf 74' lang='grc' dir='ltr'><strong>Α</strong></span> <span class='ocrx_word' id='word_1_406' title='bbox 679 4121 720 4183; x_wconf 85' lang='lat' dir='ltr'>(et</span> <span class='ocrx_word' id='word_1_407' title='bbox 732 4120 858 4170; x_wconf 72' lang='lat' dir='ltr'><strong>similiter</strong></span> <span class='ocrx_word' id='word_1_408' title='bbox 869 4120 897 4181; x_wconf 81' lang='grc' dir='ltr'>τι)</span> <span class='ocrx_word' id='word_1_409' title='bbox 911 4120 963 4168; x_wconf 84' lang='lat' dir='ltr'><strong>eie:</strong></span> <span class='ocrx_word' id='word_1_410' title='bbox 990 4115 1026 4166; x_wconf 88' lang='lat' dir='ltr'>Oi</span> <span class='ocrx_word' id='word_1_411' title='bbox 1044 4115 1076 4166; x_wconf 84' lang='grc' dir='ltr'>θέ</span> <span class='ocrx_word' id='word_1_412' title='bbox 1086 4114 1221 4165; x_wconf 78' lang='grc' dir='ltr'>Ἰουδαῖοι</span> <span class='ocrx_word' id='word_1_413' title='bbox 1233 4110 1463 4183; x_wconf 79' lang='grc' dir='ltr'>ωροσελθθμτεσ</span> 
     </span>
     <span class='ocr_line' id='line_1_38' title="bbox 269 4195 1463 4271; baseline -0.003 -19"><span class='ocrx_word' id='word_1_414' title='bbox 269 4201 358 4271; x_wconf 76' lang='grc' dir='ltr'>εἴωομ</span> <span class='ocrx_word' id='word_1_415' title='bbox 371 4201 418 4269; x_wconf 78' lang='grc' dir='ltr'>τῷ</span> <span class='ocrx_word' id='word_1_416' title='bbox 433 4199 569 4268; x_wconf 85' lang='grc' dir='ltr'>Πιλὰτῳ·</span> <span class='ocrx_word' id='word_1_417' title='bbox 589 4202 623 4254; x_wconf 81' lang='grc' dir='ltr'>οὐ</span> <span class='ocrx_word' id='word_1_418' title='bbox 638 4206 738 4254; x_wconf 63' lang='lat' dir='ltr'><strong>neree</strong></span> <span class='ocrx_word' id='word_1_419' title='bbox 750 4196 937 4271; x_wconf 71' lang='grc' dir='ltr'>ἐγρόῲησαμ,</span> <span class='ocrx_word' id='word_1_420' title='bbox 956 4197 1029 4268; x_wconf 80' lang='grc' dir='ltr'>κύριε</span> <span class='ocrx_word' id='word_1_421' title='bbox 1043 4202 1139 4270; x_wconf 78' lang='grc' dir='ltr'>ημῶμ,</span> <span class='ocrx_word' id='word_1_422' title='bbox 1156 4197 1193 4250; x_wconf 87' lang='grc' dir='ltr'>τθι</span> <span class='ocrx_word' id='word_1_423' title='bbox 1211 4196 1371 4270; x_wconf 79' lang='grc' dir='ltr'>γράμματα</span> <span class='ocrx_word' id='word_1_424' title='bbox 1383 4195 1463 4267; x_wconf 73' lang='lat' dir='ltr'><strong>dper-</strong></span> 
     </span>
     <span class='ocr_line' id='line_1_39' title="bbox 269 4279 1463 4358; baseline -0.001 -22"><span class='ocrx_word' id='word_1_425' title='bbox 269 4285 320 4355; x_wconf 85' lang='grc' dir='ltr'>θεμ</span> <span class='ocrx_word' id='word_1_426' title='bbox 338 4286 398 4337; x_wconf 71' lang='lat' dir='ltr'><strong>irie</strong></span> <span class='ocrx_word' id='word_1_427' title='bbox 416 4287 553 4357; x_wconf 71' lang='grc' dir='ltr'>κεῲαλησ</span> <span class='ocrx_word' id='word_1_428' title='bbox 571 4286 750 4339; x_wconf 72' lang='grc' dir='ltr'>τοῡ“1ησοῦ’</span> <span class='ocrx_word' id='word_1_429' title='bbox 772 4284 947 4358; x_wconf 79' lang='grc' dir='ltr'>μαρτυροῦσι</span> <span class='ocrx_word' id='word_1_430' title='bbox 964 4283 1019 4353; x_wconf 83' lang='grc' dir='ltr'>γὰρ</span> <span class='ocrx_word' id='word_1_431' title='bbox 1039 4282 1131 4356; x_wconf 78' lang='grc' dir='ltr'>αὐτὰρ</span> <span class='ocrx_word' id='word_1_432' title='bbox 1151 4284 1274 4336; x_wconf 80' lang='grc' dir='ltr'>Βασιλέα</span> <span class='ocrx_word' id='word_1_433' title='bbox 1293 4284 1389 4356; x_wconf 79' lang='grc' dir='ltr'>ιἰμὼμ.</span> <span class='ocrx_word' id='word_1_434' title='bbox 1417 4279 1463 4335; x_wconf 79' lang='grc' dir='ltr'>διὰ</span> 
     </span>
     <span class='ocr_line' id='line_1_40' title="bbox 267 4365 1463 4445; baseline -0.003 -22"><span class='ocrx_word' id='word_1_435' title='bbox 267 4371 359 4424; x_wconf 86' lang='grc' dir='ltr'>τοῦτο</span> <span class='ocrx_word' id='word_1_436' title='bbox 379 4368 508 4444; x_wconf 79' lang='grc' dir='ltr'>δεόμεθά</span> <span class='ocrx_word' id='word_1_437' title='bbox 528 4390 583 4426; x_wconf 88' lang='grc' dir='ltr'>σου</span> <span class='ocrx_word' id='word_1_438' title='bbox 598 4374 648 4445; x_wconf 83' lang='grc' dir='ltr'>ἵρα</span> <span class='ocrx_word' id='word_1_439' title='bbox 666 4373 770 4442; x_wconf 76' lang='grc' dir='ltr'>ὁρὶσησ</span> <span class='ocrx_word' id='word_1_440' title='bbox 782 4375 824 4424; x_wconf 79' lang='grc' dir='ltr'>καὶ</span> <span class='ocrx_word' id='word_1_441' title='bbox 837 4368 960 4442; x_wconf 66' lang='grc' dir='ltr'>γράῲιρσ</span> <span class='ocrx_word' id='word_1_442' title='bbox 972 4371 1065 4423; x_wconf 83' lang='grc' dir='ltr'>ἐκεῖσε</span> <span class='ocrx_word' id='word_1_443' title='bbox 1083 4371 1126 4423; x_wconf 87' lang='grc' dir='ltr'>ὄτι</span> <span class='ocrx_word' id='word_1_444' title='bbox 1141 4365 1331 4439; x_wconf 75' lang='grc' dir='ltr'>οῦτοσεΐωεμ</span> <span class='ocrx_word' id='word_1_445' title='bbox 1345 4368 1388 4421; x_wconf 87' lang='grc' dir='ltr'>ὅτι</span> <span class='ocrx_word' id='word_1_446' title='bbox 1402 4369 1463 4421; x_wconf 77' lang='grc' dir='ltr'>ἐστὶ</span> 
     </span>
     <span class='ocr_line' id='line_1_41' title="bbox 269 4454 1463 4532; baseline -0.003 -22"><span class='ocrx_word' id='word_1_447' title='bbox 269 4454 411 4510; x_wconf 79' lang='grc' dir='ltr'>Βασιλεὺσ</span> <span class='ocrx_word' id='word_1_448' title='bbox 423 4463 486 4530; x_wconf 78' lang='grc' dir='ltr'>τῶμ</span> <span class='ocrx_word' id='word_1_449' title='bbox 499 4459 661 4532; x_wconf 75' lang='grc' dir='ltr'>Ἰουὸαῑωμ.</span> <span class='ocrx_word' id='word_1_450' title='bbox 686 4459 747 4530; x_wconf 75' lang='grc' dir='ltr'>ἔφη</span> <span class='ocrx_word' id='word_1_451' title='bbox 762 4459 778 4511; x_wconf 91' lang='lat'>6</span> <span class='ocrx_word' id='word_1_452' title='bbox 794 4455 941 4511; x_wconf 79' lang='grc' dir='ltr'>Πιλᾶτοσ·</span> <span class='ocrx_word' id='word_1_453' title='bbox 960 4455 1119 4527; x_wconf 70' lang='grc' dir='ltr'>ὃέγραψα,</span> <span class='ocrx_word' id='word_1_454' title='bbox 1139 4455 1268 4526; x_wconf 70' lang='grc' dir='ltr'>ἔγραψα.</span> <span class='ocrx_word' id='word_1_455' title='bbox 1292 4459 1411 4509; x_wconf 78' lang='lat' dir='ltr'><strong>Tendem</strong></span> <span class='ocrx_word' id='word_1_456' title='bbox 1424 4459 1463 4508; x_wconf 78' lang='lat' dir='ltr'><strong>eir</strong></span> 
     </span>
     <span class='ocr_line' id='line_1_42' title="bbox 268 4542 1463 4615; baseline -0.003 -17"><span class='ocrx_word' id='word_1_457' title='bbox 268 4549 390 4614; x_wconf 79' lang='lat' dir='ltr'><strong>pergitur</strong></span> <span class='ocrx_word' id='word_1_458' title='bbox 403 4565 470 4613; x_wconf 79' lang='lat' dir='ltr'><strong>quae</strong></span> <span class='ocrx_word' id='word_1_459' title='bbox 484 4551 512 4601; x_wconf 88' lang='lat' dir='ltr'>in</span> <span class='ocrx_word' id='word_1_460' title='bbox 525 4554 627 4601; x_wconf 87' lang='lat' dir='ltr'><strong>textum</strong></span> <span class='ocrx_word' id='word_1_461' title='bbox 640 4551 801 4615; x_wconf 80' lang='lat' dir='ltr'><strong>reeepimur‚</strong></span> <span class='ocrx_word' id='word_1_462' title='bbox 820 4543 885 4597; x_wconf 85' lang='grc' dir='ltr'>εἷτα</span> <span class='ocrx_word' id='word_1_463' title='bbox 896 4544 1033 4615; x_wconf 82' lang='grc' dir='ltr'>λὲγουσιρ</span> <span class='ocrx_word' id='word_1_464' title='bbox 1048 4542 1133 4609; x_wconf 81' lang='grc' dir='ltr'>αὐτῷ</span> <span class='ocrx_word' id='word_1_465' title='bbox 1146 4554 1198 4598; x_wconf 90' lang='lat' dir='ltr'><strong>ete.</strong></span> <span class='ocrx_word' id='word_1_466' title='bbox 1226 4547 1275 4597; x_wconf 83' lang='lat' dir='ltr'>Hie</span> <span class='ocrx_word' id='word_1_467' title='bbox 1288 4560 1378 4595; x_wconf 83' lang='lat' dir='ltr'><strong>rurrur</strong></span> <span class='ocrx_word' id='word_1_468' title='bbox 1391 4544 1463 4594; x_wconf 87' lang='lat' dir='ltr'><strong>eodi-</strong></span> 
     </span>
     <span class='ocr_line' id='line_1_43' title="bbox 269 4622 1462 4702; baseline -0.004 -19"><span class='ocrx_word' id='word_1_469' title='bbox 269 4649 313 4684; x_wconf 83' lang='lat' dir='ltr'>eee</span> <span class='ocrx_word' id='word_1_470' title='bbox 326 4647 360 4684; x_wconf 82' lang='lat' dir='ltr'>eo</span> <span class='ocrx_word' id='word_1_471' title='bbox 373 4635 440 4685; x_wconf 83' lang='lat' dir='ltr'><strong>heee</strong></span> <span class='ocrx_word' id='word_1_472' title='bbox 452 4638 599 4702; x_wconf 81' lang='lat' dir='ltr'><strong>preemirre</strong></span> <span class='ocrx_word' id='word_1_473' title='bbox 611 4638 725 4688; x_wconf 83' lang='lat' dir='ltr'><strong>hebent:</strong></span> <span class='ocrx_word' id='word_1_474' title='bbox 748 4634 790 4686; x_wconf 88' lang='grc' dir='ltr'>καί</span> <span class='ocrx_word' id='word_1_475' title='bbox 803 4632 820 4686; x_wconf 87' lang='grc' dir='ltr'><strong>ὁ</strong></span> <span class='ocrx_word' id='word_1_476' title='bbox 835 4631 967 4685; x_wconf 85' lang='grc' dir='ltr'>Πιλᾶτοσ</span> <span class='ocrx_word' id='word_1_477' title='bbox 983 4631 1062 4696; x_wconf 70' lang='grc' dir='ltr'>λέγει</span> <span class='ocrx_word' id='word_1_478' title='bbox 1077 4631 1193 4683; x_wconf 81' lang='grc' dir='ltr'>αὐτοῖσ·</span> <span class='ocrx_word' id='word_1_479' title='bbox 1206 4633 1231 4683; x_wconf 81' lang='grc' dir='ltr'>εἶ</span> <span class='ocrx_word' id='word_1_480' title='bbox 1243 4629 1333 4683; x_wconf 82' lang='grc' dir='ltr'>τοῦτο</span> <span class='ocrx_word' id='word_1_481' title='bbox 1348 4626 1383 4681; x_wconf 89' lang='grc' dir='ltr'>τὸ</span> <span class='ocrx_word' id='word_1_482' title='bbox 1397 4622 1462 4679; x_wconf 84' lang='grc' dir='ltr'>σκό·</span> 
     </span>
     <span class='ocr_line' id='line_1_44' title="bbox 268 4713 1463 4792; baseline -0.003 -23"><span class='ocrx_word' id='word_1_483' title='bbox 268 4734 325 4770; x_wconf 91' lang='grc' dir='ltr'>τοσ</span> <span class='ocrx_word' id='word_1_484' title='bbox 342 4718 475 4790; x_wconf 56' lang='lat' dir='ltr'>{mentitio</span> <span class='ocrx_word' id='word_1_485' title='bbox 488 4718 542 4773; x_wconf 84' lang='grc' dir='ltr'>τοῦ</span> <span class='ocrx_word' id='word_1_486' title='bbox 556 4721 641 4773; x_wconf 77' lang='grc' dir='ltr'>ηλίου</span> <span class='ocrx_word' id='word_1_487' title='bbox 653 4718 748 4792; x_wconf 77' lang='grc' dir='ltr'>ἐστῐμ,</span> <span class='ocrx_word' id='word_1_488' title='bbox 766 4721 875 4788; x_wconf 79' lang='grc' dir='ltr'>ῶσωερ</span> <span class='ocrx_word' id='word_1_489' title='bbox 894 4717 1012 4784; x_wconf 75' lang='grc' dir='ltr'>λέγετε,</span> <span class='ocrx_word' id='word_1_490' title='bbox 1032 4719 1074 4770; x_wconf 79' lang='grc' dir='ltr'>καὶ</span> <span class='ocrx_word' id='word_1_491' title='bbox 1092 4715 1129 4770; x_wconf 82' lang='grc' dir='ltr'>τὰ</span> <span class='ocrx_word' id='word_1_492' title='bbox 1147 4717 1235 4786; x_wconf 81' lang='grc' dir='ltr'>ἔτερα</span> <span class='ocrx_word' id='word_1_493' title='bbox 1253 4717 1294 4768; x_wconf 85' lang='grc' dir='ltr'>καί</span> <span class='ocrx_word' id='word_1_494' title='bbox 1308 4713 1415 4784; x_wconf 56' lang='lat' dir='ltr'>{Quieta</span> <span class='ocrx_word' id='word_1_495' title='bbox 1435 4715 1463 4780; x_wconf 85' lang='lat' dir='ltr'><strong>(r</strong></span> 
     </span>
    </p>
   </div>
   <div class='ocr_carea' id='block_1_5' title="bbox 0 0 1743 5640">
    <p class='ocr_par' dir='ltr' id='par_1_5' title="bbox 0 0 1743 5640">
     <span class='ocr_line' id='line_1_45' title="bbox 0 0 1743 5640; baseline 0 0"><span class='ocrx_word' id='word_1_496' title='bbox 0 0 1743 5640; x_wconf 95' lang='lat' dir='ltr'> </span> 
     </span>
    </p>
   </div>
  </div>
 </body>
</html>
