3458 5640
385 559 388 563 ’
450 592 782 644 rsnnno-nnrrnnnr
799 594 1038 645 nvnnoumuu.
1067 595 1204 647 cnn.1v.
1387 596 1425 659 61

231 739 364 807 dicens:
395 740 512 809 Vidua
533 763 640 824 erem,
666 749 702 809 et
721 763 801 809 ecoe
823 743 890 808 iem
907 766 976 811 non
994 765 1083 825 sum;
1105 744 1237 811 sterilis
1260 766 1368 827 erum,
1392 752 1428 813 et

230 865 309 910 ecce
335 845 402 911 ism
428 848 584 932 concepi.
621 848 669 912 Et
693 847 822 913 factum
849 855 902 914 est
926 848 1089 935 gandium
1116 871 1277 934 magnum
1303 849 1426 917 vicinis

230 948 389 1015 omnibus
406 956 442 1016 et
458 953 550 1017 notis
567 953 655 1034 eius,
672 953 722 1018 ita
736 960 775 1018 ut
788 953 950 1020 universa
964 959 1059 1021 terre
1069 953 1181 1021 Israel
1198 954 1240 1021 de
1256 955 1427 1021 istufamn

228 1053 472 1136 gratularetur.

723 1224 844 1292 Gneus
867 1226 929 1294 IV.

313 1375 401 1441 Post
416 1376 502 1441 liaeo
518 1383 633 1443 nutem
655 1379 802 1462 expletis
824 1377 1002 1444 mensibus
1027 1401 1147 1444 novom
1166 1381 1306 1463 peperit
1319 1376 1426 1446 Anne

227 1475 345 1559 filiam,
363 1485 398 1543 et
413 1479 546 1543 vocavit
562 1500 688 1545 nomen
705 1482 780 1545 sius
791 1481 949 1546 Mariam.
975 1479 1062 1546 Oum
1079 1487 1194 1547 autem
1210 1483 1315 1547 tertio
1333 1503 1424 1547 enno

228 1581 460 1665 porlaotnsset
481 1604 572 1665 eam,
594 1583 758 1649 abierunt
774 1585 876 1649 simul
893 1583 1049 1649 loachim
1071 1591 1106 1648 ot
1121 1583 1227 1650 Anna
1247 1605 1332 1650 uxor
1348 1583 1424 1650 eius

228 1685 272 1751 nd
289 1687 455 1770 templum
473 1687 619 1771 domini,
643 1693 678 1755 et
693 1688 878 1755 offerentes
896 1688 1029 1755 hostias
1047 1688 1186 1755 domino
1203 1688 1426 1755 tradiderunt

228 1789 438 1857 infantulam
455 1815 552 1858 suam
562 1793 709 1859 Marium
726 1793 760 1858 in
779 1793 1243 1879 contuberniumvirginum,
1262 1814 1350 1878 quse
1367 1792 1424 1858 die
1514 1852 1518 1857 .

229 1902 406 1981 noctuque
422 1897 458 1962 in
470 1897 526 1964 dei
537 1897 971 1982 laudibuspermanebunt.
997 1897 1095 1982 eroe
1108 1918 1184 1963 oum
1201 1897 1316 1982 posite
1332 1902 1427 1963 esset

229 2004 310 2065 unte
326 1999 492 2084 templum
510 2001 656 2084 domini,
679 2001 877 2086 quindecim
900 2002 1028 2086 gradus
1051 2004 1101 2068 its
1117 2001 1244 2067 cursim
1267 2001 1427 2067 ascendit

228 2108 270 2168 nt
284 2104 424 2186 penitus
441 2125 511 2169 non
531 2106 706 2189 aspiceret
721 2111 921 2187 retrorsum,
943 2126 1068 2189 nequo,
1092 2112 1132 2170 ut
1148 2105 1290 2170 solitum
1307 2110 1361 2170 est
1376 2106 1425 2170 in-

229 2206 371 2290 fantiae,
389 2208 767 2293 perentesrequireret.
791 2208 833 2273 In
846 2230 913 2293 quo
931 2208 1024 2274 teoto
1042 2231 1160 2274 omnes
1178 2215 1320 2291 stupore
1338 2214 1426 2274 atto·

230 2312 295 2376 niti
312 2311 532 2393 tenebantur,
548 2312 598 2377 ita
615 2318 653 2377 ut
669 2317 705 2377 ot
720 2312 788 2396 ipsi
804 2312 988 2395 pontificos
1005 2312 1125 2396 templi
1143 2313 1363 2377 mirarentur.

228 2522 312 2572 eaelo
329 2527 354 2571 et
368 2523 471 2586 qratics
487 2523 582 2586 spendo
599 2523 698 2573 domino
716 2523 784 2572 dicit
803 2518 807 2587 Ι
830 2520 914 2571 Vidua
930 2547 938 2558 ·
957 2521 1054 2571 stertis
1067 2537 1136 2570 nans
1150 2521 1197 2583 (on
1210 2521 1264 2584 om)
1282 2548 1290 2559 ·
1307 2523 1358 2570 iarn
1375 2521 1423 2584 (oo

227 2606 281 2669 om)
291 2599 428 2672 c'oneepi(c
438 2605 588 2671 concipiam)
599 2623 621 2656 c.
631 2619 719 2666 sonu
731 2621 747 2657 n
758 2612 821 2672 poet
832 2608 916 2656 Viduo
927 2623 996 2655 narn
1005 2607 1129 2672 pergitet
1135 2623 1184 2671 per
1193 2607 1235 2656 dei
1242 2607 1355 2671 qratiam
1363 2607 1422 2655 ianr.

229 2688 234 2756 Ι
248 2693 285 2740 Et
288 2693 392 2756 facturn
403 2697 441 2741 ert
454 2709 475 2741 c.
489 2706 557 2751 oon;
571 2694 709 2757 nullaque
721 2695 830 2742 dorato
842 2693 941 2742 densim
952 2693 1050 2740 domurn
1061 2697 1120 2742 sunt
1131 2693 1246 2756 inpressi.
1265 2692 1323 2741 Hoc
1334 2691 1422 2740 aedua

220 2777 290 2841 sart.
304 2781 341 2825 est
354 2773 358 2838 Ι
373 2777 461 2826 omnib.
475 2776 502 2837 (c
516 2794 569 2825 curn
581 2778 682 2840 omnib.)
693 2779 762 2827 notis
773 2783 799 2828 et
810 2777 882 2843 affin.
897 2777 926 2840 (o
939 2777 1040 2839 uiduis)
1052 2793 1137 2827 eorum
1149 2793 1208 2827 cum
1221 2789 1290 2835 oon
1303 2789 1321 2824 n
1333 2776 1423 2825 ricinis

226 2863 314 2912 omnib.
336 2869 361 2912 et
384 2864 450 2913 uatis
466 2864 519 2912 eius
538 2860 542 2928 Ι
560 2864 598 2913 ita
615 2869 643 2914 ut
660 2890 669 2900 ·
686 2867 759 2912 terra
777 2864 862 2913 Israel
879 2862 908 2928 (ι
925 2867 951 2913 et
967 2863 1060 2926 affines
1076 2879 1123 2927 pro
1136 2862 1199 2926 Isr.)
1217 2889 1225 2899 ·
1242 2861 1421 2926 protelaretur·

226 2948 254 3012 (u
269 2954 383 3006 rentum·
400 2965 419 3000 n
429 2950 589 3016 pionias-etur
604 2949 645 3000 cel
659 2950 851 3016 gratularetur)
864 2965 922 3000 cum
936 2962 1023 3010 norm
1041 2962 1057 2998 u
1076 2950 1114 3000 ita
1126 2950 1192 3014 quod
1203 2950 1235 2999 sle
1246 2950 1293 2999 icc
1301 2947 1419 3012 protule-

227 3035 319 3086 tantm
329 3037 447 3086 uniuersa
459 3041 530 3086 terre

296 3121 342 3172 lv.
377 3123 440 3172 Post
459 3148 466 3158 -
486 3123 593 3186 expletis
614 3122 644 3184 (u
664 3121 803 3187 completis)
820 3139 852 3172 sn.
869 3138 955 3173 nocens
973 3121 1002 3185 (u
1020 3122 1089 3171 IIII
1101 3120 1188 3184 rnens.)
1204 3121 1305 3185 peperit
1323 3119 1350 3182 (u
1368 3119 1421 3170 cdd

227 3205 261 3268 en)
280 3232 288 3242 ·
307 3223 359 3255 coc.
382 3223 468 3256 nomen
491 3207 544 3256 eius
566 3206 613 3270 (ns
636 3223 689 3256 uae.
706 3207 771 3270 earn)
789 3209 875 3258 Mer„-
899 3209 990 3258 oPost
1008 3232 1016 3243 ·
1036 3208 1150 3270 concepit
1167 3209 1245 3255 Anna
1267 3206 1421 3270 expletisque

226 3306 301 3339 ruens.
313 3307 369 3340 noc.
379 3309 437 3356 pep.
446 3291 535 3357 filiam
548 3295 591 3342 etc
610 3290 615 3357 Ι
637 3293 696 3340 Cum
709 3297 792 3342 auten
804 3293 832 3356 (r
844 3292 915 3356 erqo)
929 3299 986 3342 oto:
1004 3304 1021 3341 n
1038 3291 1119 3353 Quaen
1131 3307 1185 3339 curn
1202 3316 1211 3327 ·
1228 3307 1283 3339 eane
1295 3290 1420 3339 ailccm

227 3379 265 3424 set
280 3380 323 3424 etc
337 3373 342 3440 Ι
356 3380 381 3425 et
392 3378 524 3443 offerentes
538 3403 546 3413 ·
562 3377 716 3441 infantulam
731 3393 801 3426 sumn
814 3377 979 3442 (osarnularn
988 3377 1040 3439 den)
1054 3402 1063 3412 ·
1077 3378 1103 3426 in
1119 3376 1305 3425 contubernium
1318 3374 1345 3437 (o
1359 3374 1422 3437 nio)

227 3461 352 3524 oirqinunn
364 3477 422 3511 cum
436 3473 504 3520 σοις
518 3475 549 3511 n:
562 3463 659 3512 hostias
670 3463 716 3513 dec
729 3463 850 3522 oblaturi,
863 3465 993 3513 &canta
1005 3464 1052 3528 ins.
1064 3463 1161 3512 munisse
1171 3462 1242 3511 Mar.
1255 3463 1281 3510 in
1294 3461 1421 3511 contuier-

225 3547 267 3596 nic
278 3548 342 3611 eir-p.
363 3545 368 3613 Ι
388 3563 452 3612 quae
471 3573 479 3584 ·
495 3548 677 3613 pernscueiont
694 3547 721 3611 (o
733 3549 881 3606 manebam,-
900 3563 916 3598 n
925 3548 1134 3614 perseverabant)
1149 3565 1207 3598 curn
1220 3561 1287 3609 onr3
1305 3561 1322 3596 n
1335 3549 1361 3596 iu
1373 3564 1421 3613 quo

224 3633 266 3682 die
282 3637 308 3684 et
324 3639 396 3685 norte
407 3634 518 3699 cispiuus
535 3661 543 3672 ·
560 3635 703 3702 permansi.
721 3631 726 3701 Ι
746 3640 804 3686 ante
817 3636 902 3702 templ.
915 3637 1010 3687 donnini
1021 3640 1052 3687 ut
1065 3648 1115 3696 ους
1133 3636 1198 3687 item
1218 3635 1315 3686 omisso
1328 3636 1422 3685 domini

224 3735 255 3782 κς
275 3736 310 3772 nu
322 3723 467 3788 antefonae
479 3723 566 3789 templi
584 3721 588 3789 Ι
608 3724 747 3789 quindecim
757 3725 833 3788 prasi.
847 3724 875 3787 (s
888 3724 940 3774 edd
953 3724 1052 3791 templs)
1066 3752 1074 3762 ·
1086 3740 1136 3774 non
1148 3739 1202 3789 asp.
1212 3727 1319 3773 retrors.
1333 3725 1360 3786 (u
1372 3741 1420 3773 non

223 3808 371 3875 respiceret)
382 3826 460 3874 neque
473 3809 499 3872 (c
511 3812 547 3874 et)
564 3817 592 3861 ut
603 3811 705 3862 solitum
723 3815 761 3860 est
777 3810 807 3874 (n
820 3811 895 3873 solet)
908 3813 1035 3877 infantiae
1047 3810 1094 3873 (cn
1107 3810 1161 3873 om)
1171 3826 1231 3875 par.
1245 3808 1275 3872 (o
1288 3809 1340 3860 edd
1352 3810 1420 3872 suos)

223 3897 365 3960 requireret
382 3895 409 3959 (c
421 3897 561 3962 requirere)
575 3913 633 3948 cum
647 3910 715 3958 cnu3
735 3912 750 3948 Δ
770 3899 808 3947 ita
820 3898 901 3947 ocimi
913 3914 987 3947 cursu
1006 3898 1139 3948 odsrmdit
1151 3897 1236 3962 quind.
1247 3896 1323 3961 prad.
1342 3902 1370 3946 ut
1377 3914 1419 3961 pe.

223 3985 328 4031 retrone.
342 3998 390 4030 non
404 3984 548 4046 respiceret.
576 3983 666 4047 inungo
680 3984 760 4034 nlitcr
773 3989 836 4049 post
848 3985 993 4049 anteferas
1005 3984 1092 4047 templi
1104 3997 1135 4031 n:
1155 3987 1214 4032 ante
1226 3983 1279 4031 eius
1290 3984 1420 4031 introitura

222 4066 289 4114 dixit
299 4067 329 4115 X
332 4066 357 4110 1⁷
366 4068 464 4129 prasius
478 4067 633 4129 psalmorum
651 4085 698 4132 per
710 4069 738 4117 X
742 4069 767 4114 V
780 4070 933 4118 anrmnionin
947 4069 1053 4130 ,produn
1079 4069 1144 4117 Nam
1163 4067 1280 4130 ternplum
1296 4067 1322 4115 in
1339 4073 1420 4116 monte

222 4154 287 4205 erat,
306 4154 331 4196 et
343 4150 378 4197 iti
386 4155 443 4198 erat
455 4151 540 4198 usitare
553 4157 722 4199 constructum
734 4153 885 4209 holocausti,
902 4155 1046 4216 quoriforis
1058 4169 1128 4200 secuse
1140 4151 1331 4211 (toriunnausi)
1349 4152 1420 4200 adiri

222 4235 273 4283 nisi
281 4234 406 4298 qrariibus
417 4252 466 4284 uon
478 4235 586 4284 ualebat.
611 4237 717 4299 Crurnque
729 4237 780 4300 ipsi
791 4237 938 4285 uestimenta
950 4254 1013 4301 quae
1026 4238 1051 4285 in
1064 4239 1155 4285 itinere
1167 4235 1290 4284 latebant
1302 4239 1420 4284 exuerent

222 4323 247 4368 et
258 4335 289 4368 es
299 4335 368 4368 mors
379 4320 550 4369 mundioribus
562 4338 588 4370 se
600 4322 752 4370 uestimentis
763 4323 904 4379 induerunt,
917 4324 989 4386 sirpo
1001 4323 1102 4371 donrina
1112 4322 1203 4371 Maria
1214 4321 1349 4384 eiqillatirn
1357 4337 1418 4384 qra-

222 4404 269 4454 eius
284 4405 338 4453 sine
349 4405 463 4455 ducentis
474 4421 548 4455 rnanu
565 4424 596 4455 ar
608 4407 731 4456 elevantis
743 4409 882 4457 adscendit.
904 4403 908 4471 Ι
927 4408 1016 4472 Inque
1030 4433 1038 4443 ·
1057 4412 1160 4473 stupore
1172 4411 1220 4456 att.
1233 4407 1311 4456 tenet.
1328 4405 1355 4470 (s
1367 4411 1418 4456 stu·

218 4507 270 4556 por
286 4491 395 4554 tenebat)
415 4496 465 4541 ·et
483 4493 533 4557 ipsi
551 4492 628 4555 (hsec
646 4509 688 4543 om
701 4494 748 4556 oo)
762 4498 818 4544 otc:
838 4508 854 4543 n
873 4494 943 4543 Unrie
958 4499 1080 4559 parentes
1095 4494 1198 4557 puriter
1215 4496 1376 4558 strepuerunt,
1394 4497 1419 4542 et

223 4577 302 4642 ipsius
314 4578 401 4642 tempti
408 4579 503 4645 pontif.
523 4579 646 4628 admirati
663 4584 721 4629 sunt
738 4581 898 4630 uehementer.
924 4594 940 4628 n
955 4596 1017 4630 vero
1035 4580 1106 4628 Unde
1114 4585 1236 4643 parentes
1248 4581 1301 4629 eius
1312 4578 1418 4628 solliciti

223 4667 326 4729 uterque
337 4665 459 4730 infantem
471 4666 635 4730 requirentes,
644 4668 748 4731 pariter
760 4667 829 4717 carba
842 4671 1006 4732 stupuerunt,
1025 4683 1150 4732 quousque
1162 4683 1216 4716 earn
1234 4667 1380 4715 inuenerunt
1390 4666 1417 4714 in

223 4750 314 4815 mpla
326 4751 364 4799 ita
376 4756 405 4799 ut
415 4755 441 4801 et
451 4752 498 4816 ips.
512 4752 596 4817 templ.
606 4757 678 4817 pont.
690 4755 747 4802 rnir.
