3458 5640
321 594 385 658 204
437 668 440 678 Ι
473 594 705 646 BVANGELIUH
722 595 917 648 mensulas
934 596 1128 648 dedaleum.
1162 596 1261 649 xn111.
1279 597 1372 656 mv,

327 743 421 828 quod
437 743 531 808 filius
548 744 701 825 ipsorum
719 743 754 808 in
772 765 882 829 agone
901 746 1024 810 mortis
1039 751 1245 826 versaretur,
1266 746 1528 830 responderunt

325 847 425 933 pueri
450 848 623 913 dicentes:
658 847 790 913 Annon
815 848 965 915 audistis
990 847 1084 932 quod
1108 868 1168 914 rex
1193 847 1295 913 dixit:
1331 847 1464 916 Eamus
1489 856 1526 915 et

325 949 524 1018 occidamus
547 948 768 1035 serpentem?
790 957 826 1017 et
843 974 902 1018 vos
923 972 1052 1019 morem
1075 952 1107 1018 ei
1130 973 1200 1018 non
1221 949 1374 1036 geretis?
1402 952 1452 1021 Et
1472 954 1525 1020 sic

324 1056 410 1140 ipsis
422 1053 625 1121 nolentibus
636 1055 797 1121 lecticam
814 1063 907 1121 retro
919 1056 1148 1124 abduxerunt.
1174 1054 1330 1140 Cumque
1346 1055 1391 1122 ed
1402 1057 1524 1123 nidum

324 1159 423 1225 illum
443 1161 700 1244 pervenissent,
722 1159 811 1226 dixit
831 1161 992 1229 dominus
1012 1160 1113 1228 Iesus
1134 1161 1265 1247 pueris:
1295 1153 1447 1229 Hiccino
1469 1168 1525 1230 est

324 1263 421 1330 locus
442 1261 640 1348 serpentis?
669 1262 788 1348 Atque
811 1265 883 1331 illis
904 1267 1156 1350 annuentibus,
1178 1286 1322 1351 serpens
1344 1266 1522 1332 odomiuo

321 1375 464 1433 vocatus
481 1368 556 1433 sine
573 1388 670 1434 mora
684 1367 827 1452 prodiit,
844 1389 920 1438 sese
938 1371 1006 1454 ipsi
1022 1369 1241 1435 submittens.
1267 1367 1332 1434 Oui
1349 1369 1421 1452 ille,
1438 1367 1521 1452 Abi,

323 1473 455 1553 inquit,
477 1492 494 1535 e
529 1491 629 1536 omne
648 1491 820 1536 venenum
836 1472 930 1555 quod
949 1472 1031 1538 huic
1046 1492 1155 1556 puero
1177 1472 1364 1537 insinuasti
1381 1492 1521 1557 exsuge.

322 1573 449 1657 Itaque
472 1594 616 1657 serpens
637 1574 704 1640 iste
727 1573 771 1640 ad
787 1595 934 1659 puerum
956 1574 1112 1660 adrepsit
1132 1581 1168 1642 et
1189 1596 1289 1642 omne
1306 1597 1407 1642 suum
1421 1597 1523 1642 vene-

324 1699 407 1742 num
424 1678 577 1759 exsuxit3
593 1683 677 1742 tunc
693 1676 874 1744 maledixit
889 1679 942 1743 illi
954 1679 1113 1745 dominus
1124 1679 1241 1745 Iesus:
1259 1701 1327 1763 quo
1344 1680 1437 1744 facto
1455 1686 1523 1743 sta-

324 1781 388 1846 tim
413 1779 575 1865 diruptus
601 1788 668 1863 est3
694 1803 782 1866 puer
805 1789 921 1849 autem
941 1804 1045 1850 mauu
1068 1782 1200 1849 domini
1221 1782 1303 1849 Iesu
1324 1782 1522 1868 permulsus

324 1885 510 1951 convaluit.
540 1886 681 1953 Etcum
698 1885 780 1953 flare
796 1888 982 1971 inciperet,
1003 1886 1087 1954 Noli
1104 1887 1201 1970 flore,
1225 1888 1343 1972 inquit
1359 1886 1521 1953 dominus

325 1988 441 2072 Iesus,
463 2010 542 2055 mox
559 1992 651 2057 enim
666 2012 763 2058 meus
781 1992 850 2057 eris
867 1990 1072 2075 discipulus.
1101 1991 1150 2057 Et
1169 1991 1226 2056 hic
1248 1998 1302 2057 est
1318 1988 1438 2057 Simon
1459 1987 1523 2055 Oa-

326 2093 475 2174 nanites,
493 2092 593 2158 onius
608 2093 646 2157 in
663 2093 841 2177 evangelio
859 2092 898 2159 lit
915 2095 1057 2161 mentio.

782 2332 903 2401 Orsus
925 2331 1065 2401 XLIII.

410 2506 493 2572 Alio
506 2506 561 2572 die
572 2505 745 2591 Iosephus
763 2506 872 2574 filium
889 2530 989 2576 suum
1000 2507 1167 2575 Iacobum
1182 2507 1352 2593 lignatum
1368 2506 1523 2587 miserat,

325 2618 361 2677 et
381 2613 541 2678 comitem
564 2632 600 2677 se
625 2610 679 2676 illi
704 2611 865 2679 dominus
890 2611 992 2678 Iesus
1015 2611 1231 2678 adiunxerat.
1269 2609 1425 2696 Cumque
1447 2630 1524 2694 per—

322 2716 502 2780 venisseut
523 2715 566 2780 ed
582 2715 698 2803 locum
718 2716 755 2780 in
772 2737 840 2799 quo
857 2716 955 2799 ligna
970 2721 1085 2796 erant,
1108 2716 1353 2799 coepissetque
1369 2712 1522 2778 Iacobus

324 2817 387 2882 illa
411 2816 593 2901 colligere,
620 2836 700 2881 ecce
721 2818 840 2898 vipera
864 2817 1018 2898 maligna
1041 2816 1137 2881 illius
1162 2835 1301 2880 manum
1324 2812 1522 2894 momordit,

324 2920 374 2984 ita
395 2925 435 2983 ut
453 2919 638 2984 vociferari
660 2926 695 2984 et
717 2919 799 2984 flere
821 2918 1005 3001 inciperet.
1040 2916 1132 2982 Eum
1151 2918 1261 3002 igitur
1282 2918 1319 2981 in
1339 2916 1405 2982 hoc
1427 2919 1522 2980 statu

325 3043 472 3088 cerneus
493 3023 653 3089 dominus
675 3021 776 3088 Iesus
798 3024 949 3088 accessit
969 3021 1013 3087 ad
1035 3023 1164 3106 ipsum,
1189 3022 1374 3104 locumque
1395 3019 1431 3083 in
1453 3034 1522 3100 quo

323 3125 443 3208 vipera
468 3146 545 3190 eum
570 3124 802 3190 momorderat
832 3124 971 3191 afflavit:
1004 3146 1072 3208 quc
1102 3124 1195 3190 facto
1227 3123 1399 3207 extemplo
1425 3141 1525 3187 sena-

327 3233 464 3293 tuaest.

786 3399 909 3466 Osann
930 3399 1064 3469 XLIV.

411 3568 570 3653 Quodam
586 3570 659 3651 die,
683 3588 760 3632 curu
778 3568 939 3636 dominus
955 3570 1057 3636 Iesus
1077 3572 1203 3635 iterum
1217 3576 1416 3634 versaretur
1432 3571 1525 3634 inter

324 3695 450 3759 pueros
474 3673 590 3758 quiin
613 3678 706 3738 tecto
729 3671 914 3756 ludebant,
941 3672 1081 3757 quidam
1103 3693 1291 3756 puerorum
1312 3693 1353 3736 eu
1373 3672 1444 3737 alto
1468 3672 1526 3738 de·

325 3778 445 3843 cidens
463 3775 647 3843 confestim
670 3776 847 3861 expiravit.
882 3775 1162 3861 Diffugieutibus
1179 3796 1259 3841 vero
1277 3777 1424 3843 caeteris
1441 3796 1525 3861 pue-

323 3885 372 3948 ris
393 3882 554 3947 dominus
570 3879 672 3946 Iesus
689 3881 784 3947 solus
806 3882 842 3946 in
862 3887 954 3947 tecto
972 3881 1149 3947 remansit.
1189 3877 1345 3964 Cumque
1367 3880 1526 3946 advenis-

325 3992 404 4052 sent
418 3983 609 4069 propinqui
628 3983 724 4049 illius
740 3985 851 4069 pueri,
875 3983 1039 4050 dixerunt
1058 3983 1198 4050 dominc
1215 3983 1312 4048 Iesu:
1343 3981 1397 4049 'Pu
1414 3983 1526 4051 filium

324 4096 481 4154 nostrum
503 4109 544 4152 ex
561 4093 655 4157 tecto
670 4089 899 4171 praecipitem
915 4086 1054 4152 dedisti.
1090 4086 1159 4151 Illo
1182 4093 1297 4151 autem
1320 4086 1356 4151 id
1373 4094 1523 4170 negante

321 4191 505 4256 vociferati
521 4196 604 4254 sunt
620 4189 793 4255 diceutes:
823 4189 938 4254 Filius
955 4195 1075 4254 noster
1090 4194 1248 4253 mortuus
1266 4193 1329 4269 est,
1347 4193 1382 4253 et
1396 4188 1453 4253 bic
1471 4196 1527 4253 est

323 4296 382 4378 qui
405 4316 482 4360 eum
504 4292 694 4358 interfecit.
741 4291 876 4376 Quibus
899 4290 1059 4355 dominus
1080 4289 1200 4372 Iesus,
1225 4288 1280 4355 Ne
1300 4312 1371 4372 me,
1397 4291 1525 4374 inquit,

321 4397 504 4476 infamate3
531 4394 656 4481 quodsi
682 4395 767 4460 mihi
793 4416 862 4460 non
887 4393 1050 4477 creditis,
1076 4394 1168 4478 agite
1194 4415 1353 4477 rogemus
1378 4413 1526 4478 puerum

390 4572 483 4624 XLIV.
502 4573 541 4624 Ne
552 4589 604 4631 me,
621 4573 717 4639 iuquit,
735 4574 859 4638 ierscmcte
871 4597 880 4609 ·
894 4598 903 4609 ·
916 4573 985 4637 agite
997 4588 1125 4636 repemina:
1144 4572 1183 4621 ito
1196 4571 1237 4622 ΡΙ.
1249 4586 1297 4637 pro
1312 4570 1379 4620 Siluii
1393 4571 1525 4636 interpre-

320 4661 425 4715 tatione
440 4660 503 4724 becc
528 4658 567 4708 Nc
578 4674 624 4719 me,
643 4660 735 4725 inquil,
748 4660 849 4723 arguite
853 4659 994 4725 faciamte,
1008 4659 1079 4708 cuiue
1090 4658 1234 4722 neutiquam
1248 4673 1286 4707 me
1299 4658 1445 4707 convincere
1453 4661 1526 4720 pote-

320 4749 395 4806 ritir3
410 4746 455 4796 red
466 4745 537 4811 agite
548 4759 664 4809 rogemus
