3458 5640
264 570 324 634 192
420 568 652 622 avuncunlum
670 571 862 622 lunanum
880 571 1070 624 salmonis.
1096 572 1299 626 xxl1.xx111.

263 719 527 786 dominsMaria
543 719 719 784 sublatum
736 719 914 785 dominum
927 720 1045 787 Iesum
1061 721 1164 787 dorso
1180 723 1266 788 muli
1282 724 1460 807 imposuit,

264 828 300 889 et
323 821 418 890 flevit
441 823 518 909 ipsa
541 824 675 908 pariter
699 828 804 908 atque
831 824 997 891 mulieres
1022 824 1119 909 illae,
1146 831 1181 892 et
1201 825 1284 893 Iesu
1308 822 1460 911 Christo,

262 929 377 1013 Heus,
400 931 530 1014 inquit,
553 929 599 993 mi
623 926 687 1011 fili,
709 948 795 994 sana
810 927 904 993 huno
920 929 1050 995 mulum
1073 929 1198 994 eximia
1212 934 1274 995 tua
1288 932 1460 1014 potentia,

263 1040 299 1101 et
314 1035 369 1102 sae
386 1056 463 1101 eum
479 1032 653 1100 hominem
670 1032 806 1099 ratione
823 1033 1021 1117 praeditum
1037 1033 1151 1118 qualis
1167 1039 1271 1100 antea
1287 1040 1371 1102 erat.
1411 1034 1462 1104 Ut

262 1138 349 1205 haee
363 1160 427 1206 vox
448 1160 489 1204 ex
506 1159 565 1204 ore
583 1138 743 1203 dominae
760 1137 864 1203 herae
880 1137 1016 1204 Mariae
1032 1138 1178 1222 prodiit,
1200 1144 1334 1204 mutata
1348 1139 1462 1206 forma

262 1243 329 1308 iste
349 1243 462 1308 mulus
480 1242 580 1307 homo
598 1240 713 1306 iaetus
730 1245 785 1306 est
805 1240 1011 1307 adolescens
1033 1242 1075 1307 ab
1099 1243 1192 1307 omui
1213 1242 1291 1322 labe
1311 1242 1460 1328 integer.

262 1343 361 1408 Tune
380 1347 454 1427 ipse
476 1364 517 1409 ae
538 1348 648 1408 mater
670 1343 746 1406 eius
768 1348 804 1406 et
823 1363 961 1408 sorores
983 1343 1157 1408 dominam
1178 1344 1295 1410 heram
1311 1345 1461 1410 Mariam

262 1445 454 1510 adorarunt
471 1466 512 1510 ao
528 1464 674 1527 puerum
693 1463 799 1526 super
815 1445 931 1525 capita
946 1466 1010 1509 sua
1026 1445 1155 1509 elatum
1172 1445 1322 1510 oseulari
1339 1466 1461 1528 coepe·

262 1551 359 1628 runt,
387 1547 559 1611 dieentes:
596 1544 710 1609 Beata
734 1549 789 1609 est
812 1545 965 1627 genitrix
989 1552 1064 1627 tua,
1091 1566 1110 1610 o
1135 1545 1234 1627 Iesu,
1261 1567 1280 1611 o
1306 1552 1462 1613 servator

262 1649 398 1731 mundi;
415 1649 510 1715 beati
526 1645 717 1715 suntoculi
736 1647 796 1731 qui
811 1644 983 1712 felicitate
1000 1653 1163 1731 aspectus
1180 1649 1232 1714 tui
1248 1647 1422 1715 fruuntur.

726 1885 847 1955 Canon
868 1887 996 1955 XXII.

347 2063 525 2130 Dixerunt
539 2081 642 2146 porro
663 2060 784 2127 ambae
801 2081 937 2128 sorores
954 2063 1056 2128 matri
1073 2082 1172 2128 suae:
1203 2061 1379 2145 Equidem
1395 2062 1462 2129 ira-

262 2175 318 2235 ter
337 2173 459 2234 noster
478 2166 608 2233 auxilio
631 2165 762 2232 domini
783 2163 865 2231 Iesu
884 2163 1016 2231 Christi
1038 2171 1073 2231 et
1094 2165 1239 2231 salutari
1261 2167 1461 2234 interventu

263 2273 402 2358 puellae
419 2273 536 2355 istius,
561 2292 649 2356 quae
665 2270 800 2337 Mariae
822 2276 858 2337 et
873 2270 938 2337 filii
961 2271 1036 2336 eius
1059 2270 1229 2336 indicium
1245 2270 1348 2337 nobis
1365 2269 1460 2355 iecit,

263 2380 299 2444 in
316 2378 499 2443 humanam
516 2375 661 2442 formam
679 2378 816 2443 erectus
833 2381 897 2443 est.
920 2374 955 2441 N
957 2396 1114 2442 unevero
1126 2396 1203 2440 eum
1220 2375 1330 2441 irater
1343 2384 1464 2442 noster

264 2485 310 2548 sit
320 2481 469 2563 caelebs,
482 2482 644 2549 convenit
653 2486 693 2547 ut
702 2480 855 2565 puellam
865 2480 964 2562 hano,
976 2479 1140 2546 famulam
1151 2479 1302 2563 illorum,
1314 2488 1462 2564 nuptum

262 2586 331 2670 ipsi
348 2585 479 2651 demus.
510 2585 591 2652 Hoe
611 2606 688 2652 eum
710 2585 828 2651 heram
844 2583 993 2651 Mariam
1013 2590 1212 2670 rogassent,
1234 2585 1381 2669 ipsaque
1403 2607 1463 2652 an·

265 2691 401 2754 nuisset
420 2688 507 2772 illis,
531 2687 735 2773 splendidas
755 2686 838 2753 huie
853 2688 993 2772 puellae
1017 2689 1158 2771 nuptias
1179 2695 1404 2772 paraverunt,
1426 2695 1462 2755 et

263 2811 419 2856 moerore
436 2791 472 2854 in
488 2791 659 2856 laetitiam
673 2790 887 2873 planctuque
905 2791 940 2854 in
956 2789 1148 2873 tripudium
1160 2796 1369 2855 commutato
1380 2812 1463 2875 gau·

264 2893 345 2958 dere
363 2892 486 2958 laetari
507 2892 682 2958 exsultare
704 2897 740 2957 et
755 2913 879 2958 oanere
898 2898 1104 2976 coeperunt,
1128 2891 1170 2957 ob
1188 2913 1346 2975 magnam
1362 2891 1462 2959 laeti·

262 2993 1131 3079 tiamsplendidissimovestituotmundoornatae.
1155 2993 1296 3060 Deinde
1308 2995 1461 3061 earmina

264 3101 300 3162 et
318 3096 441 3162 laudes
462 3098 611 3163 recitare
634 3097 812 3163 aedicere
837 3102 1042 3180 coeperunt:
1076 3096 1104 3163 O
1129 3096 1210 3163 Iesu
1233 3097 1281 3167 fili
1303 3096 1461 3181 Davidis‚

265 3202 325 3285 qui
346 3222 537 3266 moerorem
560 3202 595 3265 in
618 3201 782 3285 gaudium
804 3206 839 3266 et
860 3201 1013 3266 lamenta
1034 3202 1070 3265 in
1091 3201 1262 3266 laetitiam
1279 3201 1462 3267 convertis.

263 3304 543 3388 Manseruntque
574 3305 623 3369 ibi
648 3304 821 3388 Iosephus
846 3310 881 3370 et
905 3304 1019 3371 Mania
1045 3305 1164 3371 decem
1191 3305 1276 3370 dies.
1321 3303 1461 3371 Deinde

263 3407 413 3492 profecti
431 3414 522 3490 sunt,
545 3410 678 3492 magnis
695 3407 888 3474 honoribus
905 3407 947 3473 ab
965 3408 1019 3473 his
1037 3409 1237 3474 hominibus
1257 3407 1383 3489 allecti,
1402 3409 1462 3492 qui

263 3510 336 3576 illis
346 3509 597 3594 valedixerunt,
615 3517 650 3577 et
666 3509 922 3577 avaledieendo
934 3511 1297 3594 reverteruntflentes,
1315 3511 1460 3577 maxime

264 3613 476 3698 istapuslla.

718 3838 838 3907 Osann
861 3838 1008 3905 XXIII.

348 4010 443 4077 Hine
461 4012 609 4096 digressi
626 4034 702 4079 oum
724 4013 760 4079 in
779 4019 906 4080 terram
923 4013 1096 4079 desertam
1112 4014 1355 4096 pervenissent
1371 4033 1461 4078 eam·

265 4137 331 4200 que
360 4116 555 4182 latrociniis
585 4117 749 4184 infestam
775 4139 851 4184 esse
881 4117 1077 4199 audissent,
1109 4117 1280 4200 Iosephus
1311 4122 1346 4182 et
1376 4116 1461 4182 hera

263 4218 378 4284 Maria
402 4220 581 4304 regionem
606 4221 696 4288 hane
721 4228 827 4288 nootu
852 4222 1013 4286 traiicere
1039 4223 1247 4304 cogitarunt.
1292 4215 1343 4284 At
1368 4220 1462 4285 inter

264 4321 417 4389 eundum
442 4344 522 4389 eeee
544 4324 631 4391 dnos
657 4326 769 4390 invia
792 4324 946 4389 latrones
972 4325 1194 4406 conspiciunt
1215 4323 1399 4404 cubantes,
1427 4329 1462 4389 et

265 4449 342 4493 eum
358 4427 429 4493 illis
441 4428 702 4495 multitudinem
712 4430 886 4495 latronum
898 4428 956 4511 qui
974 4427 1113 4492 illorum
1124 4426 1210 4491 socii
1222 4431 1322 4490 erant
1337 4425 1461 4490 itidem

331 4638 414 4688 xxli.
433 4639 546 4692 salutari
557 4643 714 4693 {narratae
729 4642 769 4693 its
781 4642 821 4691 1²1.
835 4653 881 4704 pro
895 4639 1074 4698 benedictione,
1088 4638 1157 4703 qnod
1171 4642 1230 4688 erat
1243 4637 1313 4704 opud
1328 4637 1384 4687 sik.

331 4724 484 4786 tripudium:
496 4729 536 4778 its
548 4729 603 4791 Fl.;
617 4728 673 4780 sik.
686 4726 903 4780 veteratricem.
