3458 5640
262 591 335 656 m
729 587 999 642 rnounuounua.

264 742 369 825 detur,
392 741 445 806 cui
467 738 551 806 Lud.
566 737 660 804 Hain
681 739 717 803 in
739 738 875 822 Repert.
898 737 1050 822 bibliogr.
1073 758 1245 804 numerum
1270 742 1382 805 11149.
1405 761 1463 824 ap·

169 940 171 943 ,
263 855 382 939 posuit.
423 851 553 919 *Eadem
580 850 668 935 apud
690 850 866 917 Thilonem
890 851 951 918 sub
975 854 1016 933 1.)
1040 851 1149 934 posita
1172 856 1231 918 est.
1274 850 1374 917 Hanc
1396 853 1463 937 ipsi

263 966 456 1052 plerumque
479 964 670 1031 adtentum
693 968 843 1029 nostrum
866 963 1064 1030 contulimus
1087 965 1169 1031 satis
1184 963 1347 1031 diversam
1369 965 1461 1032 illam

264 1079 397 1163 quidem
412 1099 432 1144 a
446 1077 613 1161 Lipsiensi
630 1076 774 1142 editione
795 1096 823 1141 a
841 1078 932 1142 1516.
963 1074 1084 1142 Tribus
1099 1075 1240 1142 saeculis
1255 1084 1332 1160 post
1346 1077 1463 1144 editio·

265 1212 340 1257 nem
367 1191 550 1275 prinoipem
579 1190 721 1256 latinum
751 1193 880 1284 textum
910 1188 1091 1256 identidem
1121 1190 1187 1255 iam
1218 1190 1396 1273 repetitum
1426 1191 1462 1256 in

264 1303 529 1387 apocryphorum
552 1302 764 1368 collectiones
786 1308 982 1385 receperunt
1003 1301 1228 1384 Fabricius,
1252 1300 1463 1369 Orthodoxo·

263 1415 398 1500 graphia
414 1415 623 1497 potissimum
638 1410 812 1478 Heroldi
828 1432 915 1496 usus,
936 1410 1134 1494 Ionesius,
1158 1413 1299 1480 maxime
1314 1413 1462 1497 pendens

264 1525 526 1593 aMonumentis
541 1524 730 1607 Grynaei,
753 1522 982 1589 Schmidius
1007 1529 1040 1587 et
1062 1523 1261 1606 Birehius,
1285 1531 1460 1608 sequentes

262 1637 468 1719 Fabricium,
499 1636 565 1700 nisi
592 1634 681 1718 quod
712 1655 732 1700 a
760 1633 896 1699 Birchio
929 1634 1068 1700 duorum
1100 1634 1280 1700 latinorum
1312 1635 1462 1702 codicum

263 1748 422 1815 lectiones
454 1747 620 1812 variantes
658 1745 846 1829 adscriptae
884 1750 969 1811 sunt.
1023 1745 1189 1812 Graecum
1220 1769 1296 1813 vero
1334 1754 1461 1813 textum

264 1860 384 1943 prioris
415 1858 521 1942 pertis
554 1862 634 1938 (una
661 1878 735 1922 cum
757 1856 906 1922 Fabricii
933 1858 1054 1939 latino)
1086 1859 1212 1941 primus
1244 1858 1347 1924 edidit
1374 1859 1462 1925 Bir-

266 1971 393 2051 chius,
420 1967 609 2051 etquidem
631 1968 673 2033 ad
694 1988 844 2033 normam
867 1966 988 2032 codicis
1011 1969 1118 2034 Paris.
1142 1991 1229 2035 num.
1252 1973 1323 2034 170.
1347 1991 1368 2034 a
1388 1969 1463 2034 Bir-

265 2098 343 2165 gero
359 2077 535 2145 Thorlaeio
552 2078 719 2162 descripti.
752 2062 850 2144 'Idem
871 2077 1047 2144 secundam
1062 2078 1223 2163 evangelii
1238 2086 1366 2163 partem
1386 2080 1462 2145 indo

252 2195 285 2258 'a
307 2190 415 2257 verbis
439 2196 573 2276 ἔρχεται
598 2189 616 2253 ὃ
639 2189 833 2276 μομογεμὴσ
855 2188 929 2253 nido
951 2187 1013 2253 τοῦ
1037 2185 1117 2254 θεοῦ
1140 2191 1211 2254 ὧδε
1234 2213 1303 2274 cap.
1322 2190 1463 2259 XVIII.

266 2305 300 2386 (i.
322 2324 349 2377 e,
376 2301 430 2386 Π,
453 2304 495 2385 2.)
525 2323 565 2368 ex
594 2301 664 2368 cod.
687 2301 891 2370 Vatia-269.
919 2302 1092 2386 evulgavit.
1143 2301 1251 2388 Quam
1283 2303 1462 2370 editionem

264 2437 414 2504 graecam
442 2415 624 2500 principem
653 2413 730 2480 clar.
753 2413 852 2480 Thilo
877 2415 952 2481 iure
981 2413 1062 2480 dicit
1087 2415 1184 2500 „plus
1211 2417 1299 2481 iusto
1327 2416 1462 2482 festina·

256 2533 363 2620 tam“,
390 2528 501 2612 „vitiis
530 2528 636 2593 omnis
664 2527 793 2612 generis
821 2533 1033 2611 scatentem“,
1060 2549 1144 2611 „pro
1168 2527 1378 2595 deformitate
1402 2551 1463 2595 sua

264 2642 361 2726 quasi
390 2639 599 2706 formidinem
629 2639 824 2705 lect01·um“.
869 2638 1259 2724 (1111111011111.
1311 2641 1462 2709 Melioris

263 2759 373 2819 tamen
397 2753 501 2836 frugis
526 2757 603 2816 sunt
626 2772 711 2834 quse
732 2750 888 2817 Birchius
916 2752 950 2816 in
973 2726 1189 2835 Prolegg.¹de
1212 2755 1379 2836 evangelio
1403 2753 1463 2819 Ni·

264 2863 390 2930 codemi
414 2864 547 2947 scripsit
568 2865 698 2927 Auctor.
726 2883 757 2945 p.
779 2861 992 2931 VII-LXI.

350 2973 521 3039 Birehium
537 2972 655 3039 Thilo
679 2975 809 3057 excepit
830 2950 1072 3058 plurimumque
1093 2975 1270 3057 superauit.
1300 2973 1464 3040 Exhibuit

262 3087 291 3152 is
313 3089 441 3151 textum
464 3105 618 3170 graecum
639 3085 760 3168 prioris
784 3087 888 3168 partis
911 3107 952 3152 ex
973 3086 1089 3152 eodem
1105 3107 1178 3151 cum
1194 3085 1331 3151 Birchio
1348 3086 1464 3152 biblio·

263 3198 379 3284 thecae
401 3197 600 3262 Parisiensis
632 3196 744 3262 codice
773 3201 844 3263 770.
888 3197 966 3263 Una
994 3219 1071 3263 vero
1101 3198 1143 3264 ad
1174 3204 1369 3281 apparatum
1401 3199 1464 3263 cri·

263 3311 379 3390 ticum,
407 3310 531 3392 passim
554 3310 655 3375 etiam
678 3309 719 3374 ad
742 3310 981 3375 emendandum
1003 3315 1130 3377 textum
1153 3311 1305 3376 adhibuit
1331 3310 1463 3377 codices

263 3421 370 3485 Paris.
387 3419 468 3486 alios
484 3428 561 3502 tres,
583 3426 719 3486 notatos
734 3422 769 3486 in
784 3422 861 3486 bibl.
876 3421 959 3505 Reg.
975 3444 1063 3486 nunc
1077 3421 1214 3487 Notion.
1230 3423 1375 3487 numeris
1391 3424 1463 3487 929.

266 3530 430 3612 (Τ11110111
452 3538 487 3614 n)
516 3532 604 3595 1021.
635 3529 735 3612 (Thil.
759 3539 791 3613 o)
815 3534 886 3596 808.
920 3531 1020 3612 (Thil.
1042 3538 1094 3614 n):
1118 3533 1198 3596 item
1221 3554 1261 3596 ex
1284 3532 1463 3598 collatione

264 3640 379 3707 Hessii
406 3641 484 3708 clim
513 3641 555 3708 ad
576 3641 788 3709 Muentcrum
816 3639 1006 3727 episcopdm
1029 3642 1138 3708 Havn.
1161 3643 1262 3708 missa
1284 3642 1365 3708 duos
1388 3643 1463 3709 Mc·

264 3775 422 3820 naoenses
444 3756 590 3829 numeris
607 3753 749 3822 CXCII.
773 3755 872 3839 (Thil.
888 3754 980 3822 Mon.
1004 3763 1039 3839 s)
1064 3761 1097 3821 et
1112 3753 1338 3823 OOLXXVI.
1363 3754 1463 3836 (Tlril.

263 3865 356 3934 Mon.
371 3874 406 3950 n)
423 3868 612 3953 insignitos:
635 3869 715 3936 item
730 3870 859 3936 italicos
874 3868 965 3954 duos,
988 3869 1128 3935 alterum
1143 3868 1345 3940 Vaticanum
1362 3891 1464 3953 opero

263 3978 394 4045 Birchii
425 3980 593 4064 collatum,
625 3981 953 4050 alterum-venetum
982 3980 1174 4048 Nonianum
1197 3980 1291 4047 CIX
1318 3982 1366 4058 ex‘,
1386 4003 1463 4065 apo·

263 4089 389 4173 grapho
406 4089 552 4156 Morellii
574 4093 608 4156 in
624 4093 766 4174 gratiam
781 4092 910 4157 Birchii
930 4092 1028 4158 facto.
1065 4092 1107 4156 In
1129 4093 1181 4157 his
1204 4092 1343 4157 alteram
1366 4114 1462 4158 evan-

264 4199 341 4284 gelii
372 4206 501 4283 partem
531 4222 617 4266 unus
648 4203 797 4267 continet
827 4202 1027 4266 Parisiensis
1064 4224 1150 4266 num.
1181 4205 1253 4267 808.
1290 4203 1332 4267 ad
1364 4225 1462 4285 quem

263 4308 391 4376 accedit
413 4309 612 4379 Vaticanum
634 4310 762 4376 Birchii
794 4311 1023 4396 fragmentum.
1073 4313 1179 4378 Porro
1207 4312 1294 4377 idem
1321 4312 1462 4377 latinum

263 4427 391 4484 textum
414 4422 517 4485 totius
540 4421 700 4503 evangehi
723 4424 909 4505 appositum
932 4442 1051 4505 graeco
1075 4443 1115 4488 en
1131 4422 1243 4487 codice
1258 4422 1463 4488 Finsidlensi

264 4529 351 4611 (vide
374 4530 474 4614 infra)
504 4531 545 4596 ab
567 4530 690 4625 Hessio
719 4553 792 4597 cum
814 4537 909 4599 textu
931 4531 1079 4597 Fabricii
1109 4532 1229 4598 collato
1259 4532 1376 4616 edidit,
1408 4555 1462 4598 va-

262 4641 425 4706 riantibus
452 4625 652 4709 lectionibus
680 4642 829 4710 codicum
856 4643 1016 4726 Halensis
1037 4644 1240 4711 Hauniensis
1262 4643 1462 4712 Ocrsiniano
