3458 5640
263 579 326 641 486
655 583 823 635 vurmcrn
846 583 1070 635 ssnverorus,

349 729 378 769 ³⁵
401 730 530 795 Deinde
560 729 642 796 dixit
670 732 826 799 Tiberius
857 736 1037 818 imperator
1064 733 1244 812 Volusiano
1271 734 1460 815 Velosiane,

264 834 374 900 vidisti
396 836 540 919 aliquem
566 837 731 903 hominem
754 839 794 905 de
822 840 874 904 his
898 839 955 922 qui
977 838 1137 904 uidissent
1158 838 1352 907 Christum?
1396 839 1461 908 Vc·

264 940 411 1007 losianus
442 943 615 1026 respondit
644 941 733 1010 Vidi.
778 945 876 1010 Dixit
906 944 1128 1029 Interrogasti
1160 946 1321 1028 quomodo
1353 946 1460 1029 bapti·

264 1053 341 1114 nant
371 1068 426 1113 eos
455 1049 513 1133 qui
545 1048 724 1115 credebant
754 1051 788 1114 in
818 1049 1010 1118 Christum?
1055 1049 1253 1117 Velosiunus
1280 1050 1362 1116 dixit
1383 1051 1461 1134 Hic,

264 1150 393 1216 domine
415 1151 470 1233 mi,
494 1150 654 1219 habemus
678 1175 779 1219 unum
804 1177 844 1220 ex
867 1154 1038 1238 discipulis
1060 1155 1165 1237 ipsius
1188 1153 1323 1220 Christi.
1366 1154 1461 1221 'lune

263 1257 434 1339 praecepit
455 1258 567 1322 vocari
590 1257 727 1324 Nathan
748 1260 860 1324 venire
886 1260 928 1325 ad
956 1281 1000 1325 se.
1045 1257 1149 1325 Venit
1170 1281 1247 1344 ergo
1269 1258 1404 1325 Nathan
1427 1266 1461 1325 ct

263 1361 447 1443 baptizavit
478 1383 552 1427 eum
583 1363 618 1427 in
649 1363 781 1429 nomine
812 1364 919 1447 patris
952 1370 985 1428 ct
1015 1362 1075 1427 filii
1108 1368 1141 1428 et
1174 1363 1310 1446 spiritus
1346 1365 1461 1446 sancti,

264 1484 368 1528 amen.
419 1463 538 1530 Statim
566 1464 721 1531 Tiberius
754 1466 938 1549 imperator
968 1465 1076 1531 factus
1107 1486 1206 1531 sanus
1237 1466 1279 1532 ab
1311 1467 1461 1532 omnibus

262 1569 477 1652 languoribus
509 1570 578 1635 suis
610 1570 760 1636 ascendit
791 1592 889 1655 super
920 1570 1038 1636 solium
1067 1592 1162 1636 suum
1190 1576 1224 1635 et
1250 1570 1334 1635 «lixit
1354 1570 1461 1636 Benc-

264 1671 370 1736 dictus
394 1693 442 1755 es,
471 1673 601 1740 domiue
624 1674 704 1740 deus
728 1676 935 1759 omnipotens
957 1680 991 1740 ct
1013 1674 1204 1758 laudabilis,
1233 1675 1289 1758 qui
1313 1673 1461 1740 liberasti

263 1797 315 1841 mc
331 1775 371 1842 de
389 1777 508 1862 laqueo
532 1779 648 1844 mortis
671 1785 704 1845 et
726 1779 891 1845 mundasti
913 1800 965 1844 me
988 1778 1030 1844 ab
1055 1778 1206 1844 omnihus
1228 1777 1462 1862 iniquitatibus

264 1881 359 1965 meis,
388 1881 467 1964 quia
494 1883 633 1947 multum
661 1883 793 1966 peccavi
823 1903 932 1948 coram
955 1887 1002 1962 te,
1029 1881 1159 1946 dominc
1187 1882 1267 1947 deus
1296 1902 1401 1964 meus,
1430 1887 1463 1945 et

263 2003 331 2047 non
359 2004 431 2047 sum
459 1983 577 2068 dignus
604 1984 716 2050 videre
743 1984 863 2050 faciem
891 1989 990 2049 tuam.
1037 1983 1085 2048 Et
1112 1989 1191 2048 tunc
1219 1982 1375 2048 Tiberius
1402 1984 1461 2047 im-

263 2088 398 2165 perator
429 2083 492 2148 luit
518 2086 700 2150 instructus
727 2086 761 2149 in
791 2085 942 2151 omnibus
970 2083 1120 2150 articulis
1149 2083 1225 2148 lidei
1253 2083 1400 2166 plenarie
1428 2089 1462 2148 et

264 2172 359 2251 firma
381 2186 453 2253 fide.

350 2291 378 2329 ³⁰
398 2290 478 2374 Ipse
502 2292 582 2357 deus
605 2293 811 2377 omnipotens
834 2294 891 2377 qui
919 2296 970 2356 est
1000 2313 1057 2357 rex
1083 2312 1199 2374 regum
1226 2297 1261 2357 et
1289 2292 1460 2359 dominan-

264 2393 348 2457 tium
375 2393 542 2478 dominus,
574 2395 645 2478 ipsc
672 2417 733 2460 nos
762 2397 797 2460 in
823 2396 887 2460 lide
916 2415 976 2459 sua
1003 2398 1157 2478 protegat
1184 2400 1218 2460 et
1244 2393 1400 2461 defendat
1428 2402 1462 2462 ct

263 2497 383 2563 liberet
404 2499 444 2563 ab
468 2499 557 2563 omni
579 2501 728 2583 periculo
759 2507 792 2565 et
818 2500 918 2581 muln,
949 2505 982 2563 et
1010 2497 1164 2581 dignetur
1191 2519 1253 2564 nos
1279 2500 1459 2584 perducere

264 2600 305 2665 ad
327 2600 429 2666 vitam
452 2606 634 2685 aeternam,
662 2603 732 2669 vita
758 2602 935 2686 temporali
962 2599 1142 2697 deliciante.
1188 2599 1255 2685 Qui
1282 2608 1333 2666 est
1360 2603 1458 2669 bene-

266 2705 373 2770 dictus
395 2705 430 2770 in
453 2708 587 2773 saecula
609 2709 829 2791 saeculorum,
854 2728 957 2773 amen.

352 2920 394 2968 36.
419 2920 481 2968 (leus
497 2921 651 2982 castripoleus
669 2951 678 2961 -
696 2922 822 2970 doarium:
844 2920 900 2969 Ven
919 2920 981 2968 clem
998 2918 1090 2982 omnip.
1105 2919 1148 2982 qui
1165 2922 1202 2967 esc
1220 2934 1322 2981 reynam
1340 2924 1365 2967 et
1382 2919 1459 2968 domi·

266 3006 378 3054 nantium
395 3006 521 3063 nomenm-
540 3006 608 3056 Amb
627 3012 665 3057 ecl
682 3024 728 3057 ren
745 3024 838 3072 recum,
857 3008 919 3056 {leus
936 3010 960 3056 et
977 3006 1092 3055 derainer
1109 3005 1291 3053 dominantium
1311 3003 1316 3067 Ι
1339 3003 1391 3067 Qui
1407 3010 1459 3054 eet:

266 3093 323 3145 Vcn
342 3095 385 3158 qui
402 3111 428 3143 ec

351 3181 424 3230 hSax
444 3182 562 3231 breviter
580 3183 631 3231 sic:
659 3182 704 3230 Cui
721 3187 755 3231 sil
771 3183 858 3247 cleric
876 3187 901 3232 cl
918 3184 998 3231 horror
1016 3182 1042 3230 iu
1059 3178 1163 3229 caecula
1183 3179 1352 3240 saeculoram,
1377 3198 1457 3232 umen.
