3458 5640
459 575 660 627 DESCENSUS
680 574 820 625 CHRISTI
841 576 885 626 aa
905 575 1065 626 lucanos,
1092 576 1143 626 111.
1164 577 1210 625 lv.
1230 577 1261 624 V.
1395 573 1457 634 425

262 728 378 796 fortati
402 734 496 794 sunt:
529 731 830 811 concurrentesque
854 748 967 793 omnes
989 726 1030 793 ad
1053 732 1179 812 patrem
1203 723 1312 792 Adam
1336 724 1456 791 ibidem

263 841 340 903 sunt
370 833 568 920 conglobati.
620 832 715 898 Tunc
745 838 839 916 pater
870 840 984 899 noster
1015 832 1123 900 Adam
1161 833 1293 899 intuens
1328 854 1456 898 omnem

263 943 352 1009 illam
375 941 620 1008 multitudinem
644 939 834 1024 diligentius
858 939 1040 1006 mirabatur
1068 940 1096 1004 si
1120 962 1233 1006 omnes
1257 963 1296 1005 ex
1320 961 1359 1007 eo
1383 961 1457 1025 pro-

263 1048 363 1114 creati
402 1052 514 1113 essent
544 1046 577 1111 in
610 1043 764 1112 seculum.
817 1046 864 1111 Et
895 1045 1168 1131 circumplectens
1200 1046 1457 1130 circumquaque

263 1174 372 1217 secum
396 1151 563 1216 adstantes
573 1200 582 1234 ,
616 1148 838 1215 amarissimas
870 1148 1072 1232 profundens
1099 1147 1266 1232 lacrimas,
1297 1148 1366 1213 filio
1396 1169 1457 1212 suo

263 1255 342 1321 Seth
371 1254 485 1318 intulit
513 1253 643 1318 dicens:
674 1253 817 1333 Enarra,
849 1253 893 1316 lili
923 1253 1018 1332 Seth,
1050 1253 1172 1317 crunctis
1199 1251 1397 1334 patriarchis
1425 1255 1459 1315 et

263 1356 432 1439 prophetis
464 1355 553 1438 quod
585 1355 669 1418 dixit
699 1354 760 1418 tibi
794 1361 906 1419 cristes
938 1354 1097 1437 parrulisi,
1129 1353 1260 1437 quando
1289 1353 1392 1418 direxi
1426 1357 1457 1417 le
1506 1367 1514 1373 ’

261 1457 423 1523 adducere
446 1457 528 1522 milri
552 1455 592 1521 de
615 1456 686 1540 ipso
712 1455 784 1521 oleo
809 1456 1069 1537 misericordiae,
1100 1462 1138 1521 ut
1164 1477 1365 1541 perungeres
1388 1476 1458 1520 cor-

260 1584 322 1647 pus
345 1583 453 1627 meum
477 1583 551 1626 cum
573 1582 678 1626 essem
700 1561 858 1626 infirmus.

307 1720 309 1724 ν
348 1682 470 1749 ³Tunc
492 1681 548 1749 ille
571 1682 758 1767 respondit:
780 1682 868 1767 Ego,
892 1705 965 1748 cum
989 1706 1040 1748 me
1063 1682 1223 1767 dirigeres
1246 1687 1322 1748 ante
1344 1686 1458 1766 portas

261 1788 420 1875 paradisi,
453 1789 544 1856 oravi
567 1795 601 1856 et
623 1789 817 1873 deprecatus
840 1812 911 1854 sum
936 1789 1106 1855 dominum
1136 1811 1209 1854 cum
1240 1787 1398 1870 lacrimis,
1425 1792 1458 1853 et

262 1894 375 1961 vocavi
405 1895 574 1961 custodem
600 1894 745 1978 paradisi
774 1900 812 1959 ut
839 1894 919 1959 milri
950 1894 1066 1960 exinde
1090 1894 1191 1960 daret.
1235 1892 1331 1959 Tunc
1353 1915 1459 1978 egres·

262 2019 317 2062 sus
348 1996 492 2062 Miclrael
524 1994 738 2080 archangelus
771 1995 855 2060 dixit
891 1995 989 2061 milri:
1029 1997 1128 2076 Seth,
1165 2001 1202 2061 ut
1233 1996 1312 2079 quid
1348 2001 1457 2059 tamen

262 2099 440 2182 deploras?
486 2097 577 2165 Scito
607 2119 828 2182 praenoscens
855 2099 935 2183 quia
963 2103 1056 2183 pater
1085 2103 1160 2163 tuus
1188 2097 1297 2163 Adam
1326 2097 1366 2162 de
1394 2097 1458 2162 hoc

263 2203 335 2269 oleo
364 2202 612 2270 misericordiae
641 2225 707 2268 nou
735 2202 877 2286 accipiet
905 2201 1002 2268 modo
1032 2203 1088 2268 sed
1116 2209 1194 2286 post
1220 2203 1340 2268 multas
1362 2223 1458 2287 gene-

262 2308 407 2374 rationes
430 2307 540 2374 seculi.
584 2306 707 2375 Veniet
728 2307 815 2373 enim
840 2306 1085 2374 amountissimus
1108 2308 1160 2373 dei
1183 2308 1270 2374 filius
1294 2308 1333 2373 de
1356 2306 1458 2406 coelis

262 2415 297 2480 in
324 2413 494 2496 mundum,
527 2422 561 2480 et
591 2413 814 2499 baptizabitur
845 2438 866 2481 a
892 2414 1043 2481 Iohanne
1074 2415 1108 2481 in
1130 2414 1274 2481 Iordane
1304 2413 1457 2479 flumine:

263 2523 296 2583 et
326 2523 405 2583 trino
436 2517 575 2601 recipiet
605 2522 699 2600 pater
732 2522 808 2582 tuus
830 2517 940 2583 Adam
969 2517 1008 2584 de
1036 2518 1101 2584 hoc
1123 2518 1184 2584 deo
1213 2514 1457 2584 misericordiae

262 2626 296 2686 et
326 2644 440 2688 ornnes
472 2622 644 2686 credentes
677 2620 712 2685 in
744 2642 835 2701 eum3
873 2627 906 2686 et
937 2643 1051 2686 eorum
1083 2621 1139 2706 qui
1178 2621 1388 2688 crediderunt
1423 2622 1457 2686 in

261 2746 344 2807 eum,
367 2747 505 2810 regnum
528 2721 661 2790 illorum
685 2721 893 2809 permanebit
914 2723 947 2788 in
972 2724 1089 2790 secula

682 2995 801 3064 (larue
828 2996 869 3065 V.
908 2996 1034 3083 (XXI.)

349 3159 470 3226 ¹'runo
499 3160 669 3227 audientes
697 3161 779 3234 haec
808 3184 920 3229 omnes
949 3163 1052 3228 sancti
1080 3163 1201 3228 iterum
1229 3162 1460 3228 exultaverunt

262 3266 294 3329 in
329 3264 458 3349 gaudie.
503 3266 555 3329 Ex
587 3265 707 3348 quibus
738 3288 823 3330 unus
856 3266 895 3330 de
928 3266 1233 3349 circumstantibus,
1264 3266 1371 3330 Isaias
1402 3288 1459 3329 no-

262 3368 358 3447 mine,
382 3365 514 3431 sortiter
537 3368 745 3448 proclamans
769 3367 927 3432 intonuit:
950 3367 1051 3432 Pater
1071 3367 1180 3433 Adam
1204 3374 1237 3433 et
1260 3389 1373 3432 (ornnes
1397 3367 1458 3432 cir-

263 3540 474 3551 -α--ο--ο-ιῳ

261 3649 484 3712 concurreoiesque
502 3647 537 3695 od
554 3661 609 3696 eum
626 3646 801 3711 eonpraiulots'
818 3650 877 3696 aaut
894 3644 937 3708 eil
952 3648 979 3695 ise
997 3646 1107 3697 semelem
1125 3663 1182 3698 cum
1198 3661 1232 3700 ac
1251 3683 1277 3698 ·.
1295 3660 1312 3698 n
1330 3647 1358 3695 in
1375 3647 1459 3698 seculo

262 3728 487 3796 lcirrumplectm
505 3730 637 3797 (compl.)
656 3769 684 3783 ..
702 3732 888 3796 ucoarpiciens
902 3730 906 3797 Ι
922 3736 1005 3783 custos
1018 3733 1141 3797 paradisi
1159 3769 1185 3784 ..
1205 3749 1220 3786 c
1239 3732 1291 3783 add
1309 3738 1334 3784 et
1347 3734 1460 3784 Illic-dost

223 3860 226 3868 .
260 3819 428 3883 ‹rrcdoaqolar
443 3821 447 3878 l
463 3820 589 3870 arduom
607 3857 634 3871 ..
653 3834 668 3872 c
685 3824 714 3869 ot
730 3821 875 3870 mitteretur

346 3919 371 3964 3.
410 3913 450 3964 Cf.
471 3916 491 3963 A
512 3915 562 3966 111.
592 3917 651 3980 Epo
673 3943 683 3952 ·
705 3920 731 3965 el
754 3917 826 3980 depr.
848 3933 901 3965 sam
925 3916 954 3979 (n
973 3916 1039 3966 boec
1058 3915 1113 3980 om)
1132 3943 1142 3953 ·
1160 3918 1235 3967 dor-et
1259 3933 1316 3966 curu
1336 3930 1372 3968 ΑΒ
1392 3954 1398 3966 .
1417 3955 1423 3967 .
1444 3934 1459 3970 c

262 4004 318 4066 Epo
339 4001 412 4060 Sella,
437 4019 490 4049 mm
508 4019 546 4052 me
563 4003 688 4067 diriperet
701 4007 780 4065 paler
797 4020 866 4053 messe
883 4005 967 4053 Adam
985 4008 1045 4052 oute
1058 4020 1103 4068 po.
1121 4006 1228 4067 pared„
1251 4005 1325 4054 oravi
1342 4008 1368 4053 st
1384 4006 1457 4069 depr.

260 4079 313 4134 sirio
331 4087 402 4133 deum
421 4102 475 4134 cam
493 4111 503 4121 ·
522 4092 584 4135 essm.
595 4088 691 4148 porad-
704 4092 729 4135 el
743 4089 810 4150 petii
828 4088 859 4134 oli
877 4105 905 4135 eo
920 4088 952 4136 de
969 4088 1024 4149 ipso
1042 4089 1097 4137 oleo
1115 4088 1326 4152 eriserioordiael
1343 4090 1399 4138 Scir
1412 4106 1457 4154 pr.

262 4175 321 4239 puio
340 4177 382 4222 etc
402 4189 459 4223 cum
473 4189 507 4224 ac
527 4207 555 4222 ..
576 4187 592 4224 a
612 4176 667 4223 Cilo
684 4180 835 4238 promicet
850 4182 926 4241 paler
944 4179 1002 4225 tuus
1013 4177 1098 4225 Adam
1116 4177 1182 4241 quod
1199 4177 1231 4226 de
1248 4178 1293 4226 loo
1308 4177 1312 4239 Ι
1327 4178 1400 4227 modo
1415 4177 1459 4226 sed

262 4277 318 4309 cum
334 4273 368 4312 ΑΒ
388 4296 417 4309 ..
438 4275 453 4312 c
471 4261 544 4311 modo
562 4262 613 4310 nisi
627 4260 632 4325 1
648 4262 836 4312 ormmtissimscs
854 4279 912 4312 curn
931 4277 946 4313 c
966 4298 995 4313 ..
1016 4276 1051 4314 ΑΒ
1069 4263 1227 4315 altissimsel
1244 4279 1258 4316 a
1278 4281 1319 4313 orn
1331 4259 1458 4330 fluminei

263 4363 279 4401 u
297 4348 422 4412 accipiet!
440 4353 567 4400 eteorum
587 4349 614 4412 (a
633 4351 683 4411 illi,
703 4364 719 4402 B
738 4351 790 4414 om)
810 4352 853 4416 qui
871 4352 966 4402 credid.
986 4351 1013 4413 (a
1033 4353 1146 4415 medeor)
1164 4353 1192 4402 io
1208 4370 1275 4413 erem,
1296 4370 1366 4418 repo.
1384 4352 1457 4403 illor.

263 4436 308 4494 (an
326 4434 421 4499 eorum)
440 4439 484 4487 etc

347 4533 378 4592 V,
398 4535 423 4583 1.
455 4531 496 4583 Cf.
518 4533 538 4582 Λ
560 4534 596 4592 11,
616 4536 639 4583 1.
673 4535 742 4584 lione
760 4567 769 4576 -
787 4536 926 4599 inpendio
945 4552 1002 4586 cum
1023 4551 1038 4588 c
1057 4572 1083 4585 ..
1103 4550 1137 4589 un
1156 4553 1196 4587 our
1213 4539 1217 4596 l
1234 4538 1277 4587 Ea
1295 4539 1383 4603 quium
1401 4555 1458 4589 cum

263 4636 296 4673 Ac
316 4655 345 4670 ..
365 4633 381 4671 B
399 4621 436 4669 Er
460 4621 465 4680 l
489 4635 564 4672 com
588 4623 674 4671 Isaiae
696 4638 760 4672 nom.
785 4622 813 4685 (a
832 4622 975 4686 praenoto.)
999 4622 1003 4686 l
1023 4626 1092 4689 sort.
1112 4625 1238 4688 praedm
1262 4624 1288 4686 (c
1306 4625 1391 4689 elom.)
1410 4627 1457 4679 int.

265 4704 290 4767 (c
308 4706 348 4755 aa
364 4705 421 4767 inl.)
440 4720 498 4754 cum
517 4719 552 4758 nc
571 4741 599 4756 ..
619 4722 636 4758 Α
654 4708 722 4756 dixit
741 4706 746 4768 l
766 4724 835 4756 meos
850 4709 988 4758 enuntias
1012 4707 1040 4770 (a
1060 4726 1111 4758 -απι
1128 4708 1200 4773 dom)
1220 4742 1249 4758 ..
1270 4723 1284 4761 c
1302 4726 1339 4759 rue
1358 4715 1363 4770 1
1383 4728 1460 4761 essem
