3458 5640
288 638 422 684 me
768 646 772 655 ·
786 615 991 668 PRAEFATIO.

290 771 391 836 tionis
413 792 465 854 pp.
484 767 729 836 XX-XXIV
753 788 817 834 non
841 788 966 851 paucae
988 767 1148 832 lectiones
1170 766 1269 833 datae
1291 772 1398 850 erant,
1427 767 1487 833 ali·

291 889 415 966 quanto
438 883 544 967 major
566 881 745 946 lectionum
768 900 924 945 numerus
946 880 1095 945 accessit.

376 1014 405 1078 2.
441 1012 498 1078 Ad
521 1011 821 1077 Pseudo-Mattiaci
844 1009 932 1094 quod
956 1009 1078 1076 dicitur
1105 1012 1289 1098 ecoapetium
1312 1009 1376 1077 duo
1399 1032 1486 1077 nunc

291 1111 433 1209 primuni
462 1125 592 1190 codices
620 1124 761 1190 adhibiti
790 1128 880 1207 sunt,
907 1121 1118 1189 Monacensis
1143 1129 1176 1189 et
1198 1123 1281 1190 alter
1304 1124 1360 1208 qui
1384 1145 1405 1189 a
1428 1146 1488 1208 ap·

291 1237 441 1321 pellatur.
503 1236 635 1303 Codicis
676 1235 891 1302 Monacensis
928 1257 1007 1301 usus
1044 1257 1109 1302 non
1148 1235 1359 1321 progreditur
1400 1235 1489 1301 ultra

294 1368 363 1430 cap.
386 1347 420 1430 I,
447 1351 479 1429 13
515 1352 550 1412 at
579 1348 680 1412 codex
708 1347 764 1412 ille
791 1367 813 1411 a
840 1346 875 1410 in
903 1353 1066 1431 apparatu
1094 1348 1209 1413 critico
1238 1368 1342 1430 usque
1370 1347 1411 1412 ad
1435 1369 1490 1414 ex·

292 1464 433 1523 tremum
457 1478 527 1542 cap.
548 1456 677 1525 XXIV
701 1461 883 1540 comparet3
911 1478 979 1522 non
1001 1459 1103 1541 ultra,
1131 1479 1272 1541 namque
1294 1457 1362 1522 illic
1385 1457 1488 1523 codex

291 1569 395 1653 ipsius
422 1569 500 1635 libri
526 1569 625 1635 finem
651 1569 754 1652 ponit.
803 1567 933 1634 Passim
963 1568 1066 1635 codex
1093 1591 1115 1634 n
1144 1591 1217 1635 cum
1245 1569 1356 1636 codice
1379 1590 1415 1652 n,
1447 1569 1487 1635 de

208 1718 211 1731 ·
293 1703 357 1766 quo
385 1682 474 1747 illico
498 1681 646 1747 dicturus
673 1701 759 1765 sum,
787 1680 966 1763 consentit3
997 1682 1178 1746 communis
1205 1688 1255 1746 est
1281 1680 1333 1747 his
1361 1681 1489 1748 duobus

293 1794 460 1862 codicibus
491 1794 619 1879 primae
648 1794 692 1880 (i)
723 1798 757 1859 et
783 1792 947 1859 secundae
975 1814 1092 1860 manus
1119 1794 1296 1860 distinctio.
1345 1795 1397 1860 Ex
1425 1795 1489 1861 hoc

293 1907 364 1990 ipso
392 1906 504 1974 codice
526 1927 549 1971 n
576 1905 844 1973 Tischondorfius
872 1907 906 1971 in
935 1907 1043 1990 priore
1072 1906 1216 1973 editione
1244 1928 1311 1973 non
1337 1909 1401 1973 nisi
1429 1909 1489 1974 ali-

294 2023 375 2101 quot
400 2017 561 2083 lectiones
589 2018 824 2099 exscripserat,
854 2038 942 2081 nunc
969 2017 1045 2082 inde
1072 2024 1202 2083 tantum
1230 2019 1342 2083 hausit
1370 2018 1489 2102 (idque,

295 2127 358 2193 etsi
381 2129 451 2210 ipse
475 2127 578 2193 codex
600 2148 665 2191 non
688 2126 770 2191 adeo
793 2126 975 2192 reverenda
999 2127 1199 2210 antiquitate
1226 2134 1388 2210 praestat,
1417 2150 1489 2192 cum

295 2237 514 2303 emolumento
538 2257 605 2300 non
628 2237 773 2321 exiguo),
797 2243 835 2301 ut
857 2240 945 2300 totus
967 2236 1024 2300 ille
1048 2236 1163 2320 codex,
1186 2237 1294 2319 qualis
1317 2238 1374 2320 sit,
1403 2259 1491 2302 nunc

294 2369 334 2413 ex
361 2347 574 2413 adnotatione
602 2347 719 2411 critica
745 2347 900 2430 cognosci
928 2347 1042 2430 possit.
1086 2345 1163 2412 Non
1186 2347 1334 2413 diversus
1363 2355 1414 2414 est
1436 2349 1491 2413 hic

294 2458 396 2524 codex
417 2477 440 2522 n
464 2478 484 2523 a
507 2456 618 2522 codice
640 2477 663 2521 n
686 2457 869 2523 Parisionsi
893 2459 1110 2540 (num.1652;
1135 2478 1218 2524 saec.
1238 2457 1333 2543 XV),
1361 2481 1402 2524 ex
1425 2459 1490 2543 quo

293 2568 391 2635 Thilo
417 2567 579 2653 quaedam
601 2568 636 2632 in
659 2589 754 2633 usum
782 2589 877 2634 suum
904 2570 1066 2635 convertit
1095 2568 1258 2654 (Prolegg.
1280 2569 1322 2635 ad
1345 2571 1492 2654 priorem

294 2681 342 2750 ed.
365 2703 395 2765 p.
418 2679 758 2762 XXVIII-XXX,
786 2701 893 2764 neque
917 2681 1118 2765 dubitamus,
1141 2683 1220 2765 quin
1242 2680 1490 2749 Tischendorfio

290 2793 420 2858 interea
442 2794 551 2875 ipsum
574 2791 668 2856 illum
692 2790 837 2857 codicem
859 2791 1062 2874 perlustrare
1083 2792 1224 2858 licuerit.

379 2922 408 2986 3.
437 2919 494 2985 Ad
516 2920 709 3003 opusculum
731 2919 814 2985 illud
831 2919 918 3004 quod
937 2920 1131 2986 inscribitur
1145 2924 1181 2985 de
1196 2925 1350 2986 aobbitate
1364 2921 1493 2986 Mariae

292 3038 476 3116 apparatus
504 3031 638 3096 criticus
664 3052 751 3096 nunc
779 3031 889 3097 codice
913 3031 1055 3115 quodam
1077 3031 1259 3097 Parisionsi
1276 3038 1404 3106 ,auctus
1431 3039 1495 3101 est.

294 3144 370 3210 Hoc
392 3144 585 3228 opusculum
607 3141 930 3209 Pseudo-Matthaei
958 3143 1126 3228 evangelio
1150 3150 1218 3208 tam
1241 3144 1339 3209 affine
1363 3150 1425 3226 est,
1453 3150 1492 3209 ut

294 3256 464 3324 amborum
475 3261 508 3321 et
519 3255 646 3321 codices
657 3261 689 3321 et
699 3255 861 3321 editiones
874 3254 1148 3322 aTiscbendorfio
1162 3257 1195 3321 in
1211 3256 1326 3323 eodem
1334 3255 1493 3341 Prolego·

295 3360 466 3434 menorum
489 3367 531 3433 ad
546 3368 690 3451 priorem
713 3367 762 3433 ed.
773 3369 881 3450 capito
898 3373 939 3451 (p.
950 3367 1280 3452 XXV—XXXIV)
1296 3373 1493 3435 tractentur.

296 3478 392 3545 Unde
415 3478 511 3545 facile
535 3479 608 3560 quis
632 3479 869 3543 existimaverit
890 3480 990 3543 istum
1014 3479 1158 3544 codicem
1181 3480 1404 3545 Parisionsem
1426 3502 1493 3545 non

295 3590 395 3655 alium
418 3610 490 3654 esse
512 3595 613 3673 atque
639 3596 698 3654 aut
721 3608 738 3654 c
761 3596 819 3654 aut
840 3610 863 3653 n
886 3589 1027 3676 (Proleg.
1050 3611 1080 3672 p.
1095 3589 1285 3675 XXVIII).
1320 3590 1371 3654 At
1391 3589 1493 3671 sals03

295 3699 475 3785 namquid
503 3720 620 3766 causae
644 3721 715 3765 esse
739 3700 877 3782 dixeris,
905 3700 992 3784 quod
1015 3700 1052 3765 Τ.
1076 3701 1111 3765 in
1138 3701 1251 3783 priore
1280 3700 1423 3768 editione
1451 3701 1492 3766 ad

295 3811 619 3878 Pseudo-Matthaei
648 3813 851 3897 evangelium
879 3812 971 3877 illum
993 3812 1194 3895 adbibuerit,
1222 3812 1264 3879 ad
1286 3813 1492 3879 nativitatem

295 3922 427 3989 Mariae
457 3945 524 3990 non
556 3924 661 3991 item?
710 3925 853 3991 Accedit
881 3925 969 4009 quod
996 3946 1158 4008 nusquam
1186 3925 1251 3990 alio
1278 3927 1409 3990 nomine
1436 3947 1492 4009 ap·

295 4034 441 4116 pellatur
464 4035 529 4098 nisi
551 4034 640 4117 „cod
656 4034 749 4099 Par.“
794 4033 916 4119 Itaque
940 4040 989 4100 est
1012 4035 1113 4101 codex
1137 4035 1270 4118 quidam
1292 4033 1493 4100 Parisionsis

297 4144 338 4207 ab
362 4149 504 4226 utroque
527 4144 684 4209 diversus.

381 4271 410 4333 4.
448 4269 505 4333 Ad
526 4270 726 4356 Evanpeliam
756 4272 891 4334 Ttomae
914 4272 936 4334 I
954 4272 994 4353 (h.
1011 4292 1037 4336 e.
1053 4275 1180 4355 graece)
1204 4247 1372 4336 amelius
1396 4272 1495 4336 eden·

297 4378 374 4443 dum
401 4379 430 4443 is
457 4379 561 4444 codex
592 4380 747 4464 Syriacus
776 4402 864 4445 nunc
897 4383 1038 4464 primum
1067 4381 1265 4446 adminiculo
1300 4382 1364 4447 luit
1394 4403 1492 4466 quem

298 4488 484 4557 Guilelmus
500 4489 688 4576 Wrightius
711 4499 787 4576 post
803 4490 1127 4559 'Iischendorfianam
1151 4492 1393 4577 evangeliorum
1417 4515 1495 4578 apo·

297 4601 497 4687 cryphorum
525 4603 701 4670 editionem
723 4604 757 4669 in
780 4603 887 4670 lucem
910 4605 1076 4689 protraxit
1098 4605 1261 4691 simulque
1283 4606 1423 4673 latinum
1446 4605 1494 4673 fe·
