3458 5640
716 586 987 639 euoaaaouuuu.
1379 603 1453 654 m

260 737 387 818 ficatio,
421 757 520 821 quam
549 735 658 802 Thilo
682 737 753 802 iure
786 739 921 819 questus
952 738 1019 818 est,
1055 756 1120 801 non
1150 735 1323 819 probanda
1354 743 1453 823 gustu

259 856 385 933 nostro,
413 850 470 916 sod
497 850 630 916 minime
658 848 897 915 contemnanda
926 853 978 915 est
999 853 1177 932 propteroa
1200 850 1288 934 quod
1310 853 1455 936 pertinet

260 964 302 1031 ad
329 963 591 1049 cognoscendum
618 962 786 1048 ingenium
813 965 998 1046 temporum
1025 984 1138 1029 corum
1167 963 1286 1048 quibus
1315 964 1454 1031 debetur

260 1083 358 1162 atque
381 1077 521 1161 placuit,
545 1078 612 1142 sive
635 1075 676 1142 ab
699 1075 781 1160 ipsis
803 1076 954 1159 profecta
977 1075 1021 1140 sit
1043 1075 1173 1142 Latinis
1196 1077 1264 1142 sive
1288 1099 1328 1142 ox
1350 1077 1454 1144 orien-

260 1190 381 1255 talibus
403 1190 498 1254 libris
520 1189 661 1269 fluxerit,
685 1194 718 1254 ct
741 1188 826 1272 quod
850 1187 1008 1252 nonnulla
1029 1187 1132 1253 latine
1155 1186 1306 1271 supplere
1323 1189 1455 1255 videtur

261 1323 345 1384 quae
367 1322 485 1384 graeca
509 1300 634 1383 scripta
656 1301 834 1383 perierunt.
870 1297 972 1364 Valet
994 1298 1027 1362 id
1047 1297 1133 1381 quod
1156 1298 1272 1363 ultimo
1296 1300 1368 1364 loco
1387 1300 1454 1365 dixi

261 1413 294 1476 iu
321 1433 377 1476 aas
408 1412 550 1476 maxime
580 1409 710 1476 fabulas
740 1431 824 1493 quac
852 1431 891 1474 ex
923 1410 1091 1492 evangalio
1114 1408 1261 1475 Thomas
1284 1408 1455 1476 desumtac

261 1523 419 1604 videntur,
442 1522 535 1588 cuius
556 1543 674 1606 gracco
697 1522 881 1605 fragmenta
902 1525 1033 1586 tantum
1056 1527 1241 1604 supersunt

270 1689 272 1693 ¹
344 1663 525 1730 Praeterea
552 1661 688 1728 dubium
715 1683 783 1727 uon
813 1666 863 1726 cst
891 1660 970 1744 quin
994 1659 1177 1726 Vaticanus
1205 1659 1320 1725 textus
1342 1664 1455 1726 noster

263 1776 365 1841 multo
393 1779 541 1859 praestat
562 1774 668 1841 codici
690 1773 842 1839 Thilonis
864 1773 1048 1838 Parisiensi
1071 1794 1130 1855 per
1152 1772 1264 1856 priora
1285 1794 1324 1838 cs
1346 1771 1457 1856 capita

262 1910 346 1972 quac
373 1889 402 1952 is
431 1887 503 1952 sola
529 1887 645 1952 habet:
675 1885 739 1950 nisi
768 1885 855 1968 quod
883 1884 1093 1949 doctissimus
1125 1883 1232 1948 editor
1263 1882 1387 1966 passim
1413 1882 1458 1950 lc·‘

263 1997 366 2082 gando
393 1988 521 2062 videtur
548 1997 651 2062 falsus
680 2018 759 2061 esse.
810 1996 859 2062 Os.
883 1995 1022 2078 exempli
1052 2016 1169 2059 caussa
1197 2016 1268 2077 cap.
1290 1994 1370 2060 VII.
1399 1995 1457 2059 ubi

262 2096 360 2174 'Philo
382 2108 573 2174 habetdeo
595 2132 615 2172 a
633 2108 715 2192 filiis
737 2109 861 2182 coliium
892 2128 952 2172 nos
974 2108 1046 2170 deses
1069 2111 1100 2169 in
1118 2107 1200 2188 filies
1229 2107 1344 2170 coliate.
1390 2105 1458 2172 Ibi·

264 2220 336 2286 (lam
351 2219 447 2287 Thilo
463 2223 549 2286 Deus
571 2225 706 2285 castitate
723 2224 826 2306 primo
849 2223 982 2283 omnium
1000 2221 1152 2304 probatur
1174 2229 1230 2283 aut
1250 2221 1358 2284 colitur
1364 2244 1375 2296 ;
1398 2241 1459 2314 nos

264 2335 348 2398 Deus
370 2337 401 2397 in
422 2337 558 2397 castitate
579 2333 695 2414 colitur,
719 2344 753 2397 ut
769 2336 871 2418 primo
895 2336 1026 2395 omnium
1051 2333 1279 2416 comprobatur:
1305 2329 1406 2413 VIII,
1429 2331 1458 2394 3.

262 2444 357 2511 Thilo
382 2445 514 2532 Cumque
540 2456 692 2530 eroqasset
716 2446 852 2531 sinqulas
878 2447 922 2508 ad
942 2448 1002 2508 tria
1024 2444 1120 2507 millia
1142 2447 1246 2529 virqos
1268 2453 1297 2506 et
1317 2467 1353 2506 ea
1374 2444 1459 2507 nulla

262 2580 366 2621 earum
387 2561 503 2622 exiisset
523 2559 676 2622 columba:
698 2579 760 2624 nos
785 2557 918 2644 Cumque
939 2556 1065 2642 simoniis
1087 2565 1246 2641 eroqosset,
1269 2565 1353 2619 etse
1375 2555 1459 2620 nulla

262 2674 349 2755 uirqa
372 2674 478 2733 exisset
498 2671 651 2734 columba:
682 2668 791 2752 VIII,
814 2671 842 2732 4.
874 2667 971 2733 Thilo
994 2668 1062 2754 Eoo
1085 2668 1202 2753 quidem
1224 2690 1284 2730 non
1307 2665 1459 2732 contemno
1496 2659 1502 2673 ’

262 2783 440 2847 voluntatem
463 2783 522 2862 dei,
550 2785 578 2845 si
599 2805 775 2867 coquoscere
792 2785 907 2866 possim
930 2784 1013 2866 quia·
1043 2800 1103 2845 nos
1124 2779 1193 2865 Eoo
1216 2781 1334 2865 quidem
1355 2780 1458 2843 uolun-

262 2905 350 2958 tatem
372 2895 420 2957 dei
440 2918 500 2959 non
522 2905 686 2975 contenano,
709 2896 762 2958 sed
783 2903 880 2958 custos
902 2895 964 2956 eius
986 2915 1036 2955 ero
1051 2914 1201 2978 quousque
1223 2892 1278 2956 icoc
1300 2893 1336 2954 de
1356 2892 1459 2956 volun·

263 3019 321 3073 tote
341 3010 389 3072 dei
410 3031 585 3093 coqonoscam
609 3010 690 3094 queis:
717 3005 814 3087 VIII,
830 3009 858 3072 5.
881 3003 979 3071 Thilo
1002 3008 1091 3090 quasi
1112 3007 1143 3068 in
1155 3007 1373 3090 fatiqationem
1396 3027 1457 3069 ser·

262 3124 368 3201 mona,
400 3141 460 3185 nos
482 3123 571 3207 quasi
599 3123 631 3183 in
651 3123 850 3207 fatiyationis
880 3141 1029 3183 ammone:
1064 3115 1154 3200 XII,
1181 3118 1210 3180 2.
1242 3115 1338 3182 Thilo
1366 3140 1456 3204 quom

263 3239 291 3297 si
312 3244 464 3319 qustasset
483 3234 570 3297 homo
598 3244 745 3308 metuerem
775 3253 948 3318 nosquam
976 3254 1043 3294 acm
1067 3240 1218 3316 mactasset
1243 3230 1352 3316 aliquis
1380 3254 1459 3295 inen-

264 3349 349 3409 tiens:
378 3345 462 3425 XII,
486 3347 513 3408 3.
537 3344 633 3409 Thilo
656 3345 761 3407 melias
783 3355 826 3407 est
846 3347 921 3406 enim
944 3346 1036 3405 vitam
1060 3353 1142 3405 tecam
1167 3346 1311 3427 consessio
1329 3344 1460 3427 prodat·

264 3475 322 3519 nos
345 3456 449 3518 melius
470 3465 514 3518 est
533 3458 610 3517 oiim
632 3463 667 3516 ut
687 3465 739 3517 tua
763 3478 817 3517 con.
834 3457 907 3515 essia
931 3464 957 3515 te
975 3454 1106 3537 prodat:
1129 3451 1215 3531 XII,
1233 3454 1262 3515 4.
1284 3450 1383 3516 Thilo
1406 3453 1462 3516 alii

262 3566 399 3629 dicebaut
418 3569 621 3647 sanctitatem,
652 3566 708 3629 alii
729 3588 798 3628 vero
822 3588 879 3650 per
902 3564 1017 3627 malam
1042 3566 1251 3627 conscientiam
1277 3565 1462 3628 accusabam

261 3701 336 3741 eam.
387 3678 473 3741 Iliae
495 3677 604 3742 Maria
625 3679 726 3740 uidens
744 3678 853 3762 populi
873 3679 1070 3762 suspicionem
1092 3698 1152 3739 aton
1174 3700 1209 3739 ea
1231 3680 1345 3761 inteqro
1357 3680 1461 3761 fuisse

256 3799 423 3875 purqatam
445 3825 458 3838 ·
480 3793 621 3875 quoniam
644 3793 742 3852 virum
769 3812 922 3874 nunqmm
951 3791 1090 3873 commovi,
1122 3790 1176 3851 sed
1204 3811 1256 3851 nec
1287 3811 1461 3872 coquoscere

262 3902 370 3976 tabeo,-
397 3903 469 3987 quia
497 3903 535 3964 ab
562 3903 695 3985 iay‘antia
718 3937 730 3949 ·
754 3904 785 3963 in
807 3901 862 3963 ltoc
886 3911 1010 3962 merstem
1033 3901 1166 3980 definivi,
1195 3910 1224 3961 ct
1244 3900 1299 3962 hoc
1321 3901 1374 3962 deo
1396 3923 1459 3962 meo

261 4022 359 4075 votum
376 4014 447 4096 seci
471 4021 537 4074 ut·
560 4014 591 4075 in
614 4034 674 4095 qua
697 4034 743 4073 me
765 4013 880 4093 corfido
903 4014 961 4095 apsi
981 4010 1040 4073 soli
1060 4013 1157 4073 viuere
1178 4020 1207 4071 et
1233 4013 1291 4093 ipsi
1316 4011 1374 4073 soli
1398 4013 1461 4072 sine

262 4123 363 4207 aliqua
394 4122 558 4206 pollutione
589 4123 733 4207 quamdiu
770 4125 870 4184 vicero
903 4144 1102 4206 permaneo&
1139 4141 1198 4184 nos
1235 4120 1291 4182 alii
1324 4121 1462 4184 dicebant

260 4243 396 4297 sanctam
418 4243 448 4296 et
468 4233 712 4308 immacalatam·
734 4233 790 4296 alii
809 4256 878 4297 vcro
900 4233 1015 4297 malam
1037 4243 1066 4296 et
1087 4234 1332 4297 contaminatam.
1374 4233 1459 4296 Ilcnc

263 4344 369 4411 Maria
396 4346 498 4410 uideo
525 4369 555 4410 se
583 4349 614 4410 in
642 4350 808 4433 suspicione
833 4347 942 4433 populi
965 4371 1026 4411 esse
1053 4369 1106 4410 nec
1127 4368 1158 4409 sc
1179 4368 1211 4409 co
1234 4348 1346 4432 inthre
1366 4344 1462 4410 videri

257 4471 423 4549 purqetom
446 4497 458 4510 -
480 4463 621 4547 quoniam
643 4464 742 4524 uirum
765 4484 918 4547 nunquam
943 4464 1083 4548 coqoooi3
1111 4460 1163 4523 sed
1183 4460 1222 4523 ab
1244 4482 1276 4523 eo
1299 4481 1460 4547 coquoscot·

263 4577 311 4638 cni
335 4576 374 4639 al>
405 4578 538 4660 infantia
560 4611 572 4623 -
595 4585 718 4639 mentem
747 4599 843 4639 meam
872 4577 982 4640 decom.
1032 4574 1076 4638 Fu
1101 4574 1157 4637 hoe
1183 4576 1236 4637 deo
1267 4596 1330 4635 meo
1360 4582 1459 4636 vonum
