3458 5640
266 567 328 632 190
447 566 680 618 avuncunlum
698 565 890 616 turannos
908 564 1101 616 Annalem.
1133 564 1205 615 XIX.
1224 564 1279 615 XX.

264 722 374 784 matre
392 717 468 783 eine
486 721 521 781 et
536 716 572 780 in
588 737 641 782 me
660 714 777 796 effudi,
795 716 845 780 ita
858 718 1008 798 purgata
1024 735 1098 780 sum
1115 734 1135 778 a
1151 713 1250 798 lepra
1264 733 1351 778 mea.
1374 713 1465 779 Turn

265 840 353 885 uxor
369 818 540 903 principis
557 819 709 883 surrexit
727 816 879 901 illosque
901 817 1059 882 invitavit
1079 821 1119 880 ut
1133 815 1287 900 hospitio
1305 835 1368 881 suo
1390 823 1465 882 ute-

265 929 400 1007 rentur,
426 929 462 988 et
481 919 704 1006 splendidum
720 919 872 1005 Iosepho
895 919 1086 985 convivium
1108 919 1145 985 in
1165 941 1289 1006 magno
1311 920 1465 986 virorum

266 1032 368 1094 coetu
383 1027 527 1112 paravit.
555 1025 706 1093 Postera
720 1046 800 1092 vero
816 1024 895 1090 luce
913 1045 1038 1109 aquam
1055 1022 1233 1091 odoratam
1252 1025 1377 1107 sumsit
1393 1045 1465 1110 qua

265 1130 570 1198 dominumIesum
587 1130 757 1213 ablueret,
775 1129 936 1195 etlilium
953 1150 1063 1211 suum,
1081 1149 1183 1212 quem
1199 1149 1316 1195 secum
1333 1149 1465 1197 assum·

265 1241 373 1317 serat,
398 1233 519 1300 eadem
545 1234 672 1300 deinde
699 1254 791 1318 aqua
812 1233 985 1317 perfudit3
1012 1239 1048 1299 et
1071 1233 1242 1317 extemplo
1268 1233 1361 1299 filius
1387 1233 1463 1299 eius

263 1337 451 1402 mundatus
469 1343 523 1401 est
538 1358 559 1400 a
574 1336 673 1420 lepra
688 1355 761 1401 sua.
801 1332 929 1401 Grates
945 1356 1026 1418 ergo
1049 1340 1085 1400 et
1099 1334 1221 1399 laudes
1239 1335 1303 1400 deo
1321 1355 1462 1418 canens,

263 1439 391 1519 Beata,
413 1439 545 1519 inquit,
566 1442 677 1501 mater
698 1455 788 1518 quae
809 1441 843 1499 to
860 1437 1013 1518 peperit,
1037 1435 1170 1500 oIosu:
1192 1437 1287 1500 itane
1303 1435 1463 1501 homines

265 1539 420 1604 eiusdem
437 1544 552 1603 tecum
569 1543 714 1603 naturae
731 1537 922 1621 participes
939 1557 1031 1619 aqua
1047 1557 1116 1619 qua
1132 1556 1257 1619 corpus
1272 1543 1372 1601 tunm
1386 1557 1464 1620 per·

264 1640 380 1706 lusum
403 1646 458 1706 est
478 1636 647 1705 mundae?
676 1638 793 1722 Larga
807 1658 910 1722 porro
927 1659 1073 1703 munera
1092 1637 1252 1704 dominae
1268 1637 1373 1703 herae
1389 1637 1464 1705 Ma·

264 1744 337 1810 riae
355 1742 494 1826 obtulit,
515 1762 660 1827 eamque
678 1740 803 1808 eximio
821 1761 898 1807 cum
913 1739 1046 1808 honore
1063 1741 1207 1806 dimisit.

735 1911 856 1980 Osann
883 1913 989 1981 XIX.

350 2052 408 2119 Ad
428 2053 532 2119 aliam
554 2050 682 2118 deinde
703 2051 824 2118 urbem
845 2053 1088 2137 pervenientes
1114 2052 1150 2117 in
1175 2052 1239 2118 illa
1258 2058 1465 2137 pernoctare

263 2157 459 2223 voluerunt.
493 2154 724 2221 Diverterunt
747 2155 856 2239 igitur
880 2155 924 2220 ad
948 2155 1059 2221 virum
1082 2157 1218 2221 recenti
1243 2156 1464 2222 matrimonio

265 2262 478 2341 devinctum,
503 2257 564 2325 sed
587 2258 648 2342 qui
667 2257 834 2324 veneficio
860 2264 974 2325 tactus
999 2280 1106 2324 uxore
1128 2259 1199 2324 frui
1219 2281 1289 2325 non
1310 2264 1464 2343 poterat:

265 2383 412 2447 cumque
431 2382 472 2427 ea
488 2367 591 2427 nocte
611 2361 705 2446 apud
721 2361 834 2445 ipsum
851 2367 1132 2446 pernoctassent,
1154 2362 1308 2427 solutum
1325 2367 1379 2428 est
1394 2362 1466 2427 vin-

265 2467 380 2534 culum
402 2465 489 2530 eius.
521 2462 571 2530 At
592 2471 669 2531 orta
683 2465 762 2530 luce
781 2485 857 2529 cum
881 2462 925 2529 ad
941 2464 1009 2531 iter
1025 2485 1101 2530 sese
1124 2466 1365 2549 accingerent,
1387 2486 1466 2549 pro-

263 2570 380 2637 hibuit
395 2588 454 2634 eos
472 2588 632 2652 sponsus,
649 2588 881 2654 magnumque
897 2568 970 2635 illis
987 2571 1181 2635 convivium
1196 2569 1387 2653 apparavit.

747 2754 868 2822 Canon
891 2754 977 2821 XX.

347 2894 496 2960 Postero
522 2912 604 2976 ergo
631 2892 687 2959 die
712 2892 863 2977 profecti
889 2892 1009 2958 etalii
1034 2893 1113 2958 urbi
1138 2895 1464 2978 appropinquantes

263 3007 335 3067 tres
360 2999 523 3064 viderunt
546 2996 711 3063 mulieres
736 3018 757 3062 a
781 2997 980 3082 sepulcreto
1007 3017 1084 3062 cum
1108 2997 1193 3063 fletu
1218 2998 1462 3082 procedentes.

195 3160 198 3167 .
264 3101 360 3188 Quae
378 3102 579 3185 conspicata
596 3100 736 3166 domina
750 3100 865 3166 Maria
881 3101 970 3166 dixit
985 3100 1124 3184 puellae
1142 3122 1231 3184 quae
1248 3104 1344 3185 ipsos
1361 3103 1465 3167 comi·

263 3207 418 3274 tabatur:
457 3203 593 3290 Quaere
616 3205 749 3271 axillis
771 3227 860 3290 qnae
882 3207 929 3272 sit
951 3207 1104 3290 ipsarum
1127 3206 1298 3288 conditio,
1322 3206 1464 3290 etquid

263 3312 350 3396 ipsis
368 3310 576 3376 calamitatis
597 3310 775 3375 acciderit.
813 3308 970 3393 Cumque
993 3332 1013 3375 a
1034 3309 1153 3393 puella
1175 3317 1316 3394 rogatae
1335 3317 1463 3393 essent,

264 3412 353 3478 nihil
369 3411 623 3495 respondentes
639 3412 792 3478 vicissim
813 3413 1090 3496 interrogarunt:
1122 3412 1225 3478 Unde
1241 3435 1317 3495 vos,
1342 3421 1378 3480 et
1394 3436 1462 3497 quo

263 3513 433 3582 tenditis?
457 3516 525 3580 iam
551 3516 643 3580 enim
664 3515 848 3598 praeteriit
869 3514 944 3580 dies
970 3520 1006 3580 et
1030 3536 1097 3580 nox
1122 3515 1264 3599 ingruit.
1296 3515 1371 3582 Nos
1395 3518 1465 3581 via·

263 3627 358 3687 tores
381 3639 515 3700 sumus,
538 3618 655 3702 inquit
674 3616 807 3701 puella,
830 3616 1116 3684 etdeversorium
1138 3618 1259 3702 inquo
1281 3624 1463 3702 pernocte·

263 3745 339 3788 mus
361 3721 570 3806 quaerimus.
609 3719 786 3785 Dixerunt
806 3720 903 3786 illae:
939 3719 995 3784 Ite
1019 3720 1201 3786 nobiscum
1224 3725 1259 3787 et
1280 3722 1372 3806 apud
1396 3744 1460 3788 nos

263 3832 479 3912 pernoctate.
525 3822 646 3892 Seouti
672 3844 753 3908 ergo
779 3824 859 3890 illas
884 3825 921 3889 in
942 3823 1080 3889 domum
1102 3845 1222 3890 novam
1245 3831 1401 3890 ornatam
1427 3833 1463 3891 et

262 3930 374 3997 multa
389 3928 610 4014 supellectile
627 3928 834 3994 instructam
849 3929 1041 3994 introducti
1058 3935 1149 3994 sunt.
1178 3929 1267 3995 Erat
1281 3951 1361 3995 vero
1378 3936 1463 3996 tem-

263 4057 329 4121 pus
351 4034 516 4115 hiemale,
543 4038 578 4097 et
597 4032 717 4116 puella
739 4033 900 4098 conclave
922 4033 1106 4098 mulierum
1131 4033 1277 4098 istarum
1301 4035 1462 4116 ingressa

263 4159 384 4204 rursus
401 4157 459 4201 eas
475 4135 600 4200 flentes
618 4140 654 4199 et
668 4134 900 4200 lamentantes
917 4136 1060 4200 invenit.
1084 4134 1261 4200 Adstabat
1278 4138 1328 4201 eis
1345 4138 1460 4202 mulus

263 4243 464 4324 tegumento
482 4236 624 4302 attalico
641 4235 821 4318 instratus,
839 4238 895 4300 cui
906 4257 1041 4302 sesama
1058 4243 1157 4301 erant
1168 4237 1315 4319 obiecta,
1333 4241 1460 4322 cuique

264 4343 385 4408 oscula
406 4340 537 4405 dabant
561 4344 597 4403 et
615 4337 783 4421 pabulum
808 4338 1129 4403 subministrabant.
1165 4337 1316 4405 Dicente
1343 4347 1460 4406 autem

263 4444 382 4529 puella
407 4445 488 4509 ista:
523 4440 616 4524 Quid
641 4440 692 4506 rei
718 4446 786 4523 est,
813 4462 832 4506 o
858 4439 1018 4508 dominae
1044 4463 1155 4525 meae,
1183 4441 1225 4507 de
1254 4442 1318 4508 hoc
1343 4442 1461 4509 mulo?

331 4621 386 4672 XX.
408 4620 476 4684 Quid
493 4619 587 4669 retest
606 4643 637 4654 -·
655 4617 687 4668 de
704 4621 750 4670 too
766 4619 849 4670 molo.-
867 4621 907 4670 ita
925 4621 1042 4670 correxit
1055 4621 1093 4670 b‘l.
1118 4621 1195 4686 Apud
1209 4620 1264 4672 Sik.
1283 4626 1312 4672 ot
1324 4622 1394 4672 'lbil
1413 4637 1461 4687 per

262 4723 377 4761 errorem
390 4707 562 4758 menifestum
575 4706 618 4755 eat
633 4700 715 4766 Quom
722 4700 839 4772 pulcher,
851 4721 866 4756 c
878 4706 994 4756 dominae
1005 4722 1082 4765 moe,
1094 4707 1135 4756 dic
1145 4708 1228 4758 motae
1239 4712 1278 4758 est
