3458 5640
423 603 756 655 essene-Mmflsm
774 601 1015 655 n'vnnslenmn.
1043 603 1116 655 OAP.
1136 604 1172 656 11.
1356 603 1411 667 552

201 753 269 820 sibi
286 759 321 819 et
337 754 428 818 omni
440 752 558 818 domui
575 773 657 818 suae
670 751 877 818 reservabat.
903 751 1024 818 'Haeo
1039 758 1155 819 autem
1171 753 1232 818 illo
1244 752 1395 819 faciente

201 856 458 941 multiplicabat
477 855 563 921 deus
584 876 707 941 greges
729 877 827 937 suos,
855 856 905 922 ita
928 861 1056 922 utnon
1078 863 1172 924 esset
1194 857 1318 924 similis
1342 857 1396 923 illi

202 962 237 1025 in
266 961 396 1044 populo
422 960 545 1025 Israel.
599 959 699 1024 Haeo
728 964 844 1025 eutem
874 957 1050 1025 inchoavit
1078 960 1193 1026 faeere
1223 981 1244 1026 e
1273 961 1395 1045 quinto

202 1064 335 1129 decimo
356 1065 482 1130 aetatis
500 1084 582 1129 suae
600 1084 702 1128 enno.
738 1061 824 1129 Cum
848 1067 942 1129 esset
956 1083 1126 1128 annorum
1141 1063 1279 1149 viginti,
1301 1084 1397 1130 eece-

200 1167 253 1250 pit
267 1164 408 1231 Annam
424 1167 530 1231 filiam
546 1165 706 1231 Ysaehar
721 1185 863 1231 uxorem
886 1186 927 1230 ex
943 1165 1037 1231 tribu
1055 1187 1132 1248 suo,
1155 1166 1191 1232 id
1209 1171 1263 1233 est
1283 1188 1324 1232 ex
1340 1187 1397 1252 ge·

202 1289 282 1333 noro
299 1269 422 1332 David.
453 1267 609 1350 Cumque
626 1274 779 1333 moratus
797 1274 891 1332 esset
907 1289 984 1332 cuni
1000 1289 1042 1333 ea
1057 1289 1120 1351 por
1135 1289 1244 1334 annos
1260 1269 1395 1352 viginti,

200 1371 292 1436 filios
309 1377 370 1435 sut
384 1370 474 1435 filias
492 1391 534 1435 ex
553 1390 593 1435 ea
609 1390 678 1436 non
695 1369 841 1452 accepit.

704 1539 823 1607 Oneon
846 1541 895 1606 II.

288 1680 297 1714 ¹
313 1677 461 1745 Factum
479 1684 533 1745 est
548 1683 663 1744 entem
680 1684 719 1745 ut
739 1679 774 1743 in
792 1678 916 1744 diebus
933 1678 1034 1744 iestis
1052 1677 1219 1743 intereos
1239 1676 1300 1762 qui
1316 1677 1397 1744 offe·

202 1784 327 1850 rebant
346 1786 528 1850 incensum
545 1782 684 1849 domino
701 1788 810 1849 steret
828 1782 998 1866 Ionohim,
1021 1802 1149 1866 parens
1171 1802 1315 1847 munera
1334 1801 1397 1847 sue

202 1888 238 1953 in
256 1893 445 1973 conspectu
463 1887 604 1954 domini.
635 1888 683 1954 Et
705 1887 875 1953 accedens
896 1887 940 1953 ed
963 1909 1041 1953 enm
1062 1884 1177 1952 scriba
1198 1885 1318 1970 templi
1339 1907 1398 1952 no-

202 1992 295 2058 mine
314 1991 442 2058 Ruben
469 1992 531 2056 sit:
562 1990 641 2056 Non
665 1989 729 2057 tibi
754 1990 839 2057 licet
862 1992 955 2057 inter
979 1989 1151 2056 sacrificis
1171 1988 1228 2055 dei
1254 1995 1397 2076 agentes

203 2096 407 2176 consistere,
425 2096 591 2178 quianon
608 2099 641 2160 te
658 2094 936 2161 benedixitdeus
952 2100 992 2160 ut
1007 2094 1108 2159 daret
1123 2092 1188 2159 tibi
1205 2114 1345 2178 germen
1361 2093 1397 2158 in

202 2197 324 2264 Israel.
355 2196 486 2264 Passus
506 2198 624 2281 itaquo
641 2197 885 2265 verecundiam
908 2199 944 2264 in
958 2202 1155 2282 oonspeetu
1176 2196 1300 2282 populi
1322 2195 1399 2264 ebs·

204 2302 311 2369 cessit
330 2301 372 2368 (le
394 2301 522 2387 templo
540 2302 670 2368 donnini
693 2303 850 2387 plorans,
875 2309 910 2369 et
936 2323 1005 2369 non
1029 2307 1083 2368 est
1104 2322 1261 2368 reversus
1284 2301 1320 2366 in
1338 2300 1396 2368 de·

203 2428 294 2472 mum
315 2427 425 2487 suam,
448 2406 509 2472 sed
526 2405 614 2471 abiit
630 2405 673 2471 ad
690 2427 818 2490 peoora
833 2427 912 2490 sue,
935 2412 970 2473 et
986 2405 1086 2471 duxit
1105 2425 1222 2471 seeum
1237 2410 1396 2489 pastores

203 2511 295 2575 inter
311 2515 445 2576 montes
467 2511 502 2575 in
519 2509 744 2596 longinquam
762 2517 905 2593 terrem,
927 2511 978 2576 ito
998 2515 1037 2576 ut
1051 2531 1115 2594 per
1133 2509 1288 2595 quinque
1305 2530 1398 2576 men·

203 2634 258 2679 ses
275 2613 408 2678 nullum
429 2615 589 2680 nuntium
611 2616 787 2698 potuisset
807 2615 928 2681 audire
951 2614 993 2680 de
1017 2634 1056 2680 ee
1072 2609 1179 2678 Anne
1200 2634 1287 2679 uxor
1309 2613 1396 2678 eius.

267 2791 291 2838 2.
314 2789 386 2839 Hoee
398 2793 481 2837 nutem
494 2790 543 2851 (eo
554 2789 608 2852 om)
622 2789 669 2839 ilio
683 2790 731 2852 (nn
741 2789 846 2856 so)sae.
859 2790 994 2854 osslts'plie.
1009 2789 1038 2851 (s
1049 2789 1101 2838 edd
1111 2788 1146 2850 si)
1159 2788 1221 2837 dese
1233 2788 1262 2851 (n
1272 2785 1397 2850 demisse)

197 2890 288 2939 ,sesses
299 2892 357 2924 eoos
370 2877 398 2938 (s
408 2890 509 2940 yrsyem
520 2891 599 2934 susm,
613 2887 648 2926 co
658 2892 760 2940 yreyem
772 2876 864 2942 ipsius)
878 2887 1034 2926 eumeces
1047 2889 1064 2924 ι
1074 2875 1132 2925 Hoc
1144 2879 1227 2924 assos
1238 2873 1399 2938 illisaoissii

200 2962 381 3027 multiplicavit
390 2962 452 3014 dese
458 2979 548 3029 yreqes
559 2960 563 3028 Ι
574 2976 591 3011 n
601 2963 640 3011 its
649 2963 715 3026 quod
727 2979 774 3013 nos
788 2968 845 3012 eros
854 2963 878 3012 ei
888 2962 980 3012 eissille
992 2966 1035 3012 etc
1047 2958 1051 3028 Ι
1063 2974 1100 3011 so
1109 2962 1180 3012 honio
1189 2961 1280 3010 similis
1293 2957 1298 3027 Ι
1313 2959 1400 3009 Haeo.-

202 3049 291 3099 ehoe?
303 3045 307 3115 Ι
323 3054 418 3100 otiien:
432 3064 447 3100 Δ
461 3051 547 3115 itaque
561 3045 565 3115 Ι
579 3066 596 3098 a
608 3050 687 3114 quini.
698 3051 750 3099 dee.
764 3055 813 3100 aet.
827 3066 887 3100 suae
899 3066 965 3099 anso
979 3048 1007 3111 (s
1020 3064 1086 3099 asino
1098 3049 1243 3098 nativitatis
1255 3046 1327 3109 suae)
1341 3061 1399 3095 cum

202 3145 271 3194 cnm
285 3148 301 3184 Α
313 3137 452 3200 quindecim
464 3152 586 3185 annorum
596 3136 690 3186 satem
701 3141 817 3194 oetatem,
831 3149 847 3184 o
857 3152 911 3185 essm
919 3139 984 3185 esset
993 3135 1087 3185 aetolis
1097 3135 1126 3183 X
1129 3136 1281 3184 Venetorum
1295 3129 1298 3198 Ι
1313 3145 1329 3181 n
1342 3132 1400 3181 Cum

202 3225 267 3270 ossei
278 3221 403 3280 loaciim,
420 3235 437 3271 n
451 3222 509 3271 Com
527 3225 610 3271 ostem
621 3226 686 3272 esset
699 3218 703 3287 Ι
717 3234 734 3271 Δ
747 3223 796 3287 oiq.
809 3239 912 3280 onnon,
930 3235 947 3270 n
960 3221 1044 3270 ΧΧΧ
1053 3237 1143 3271 assor.
1158 3218 1162 3286 Ι
1181 3220 1297 3270 n'sacsas·
1310 3218 1338 3280 (s
1352 3216 1400 3282 Is)

204 3323 262 3356 enin
273 3320 323 3366 Δες
337 3319 352 3356 c
365 3309 461 3365 Ashur,
474 3321 491 3356 n
501 3310 584 3371 Aoos,
597 3322 615 3358 ο
625 3309 717 3373 squar
730 3305 734 3373 Ι
748 3320 764 3356 Β
778 3310 804 3356 iss
816 3324 917 3358 uxorem
931 3306 935 3372 Ι
950 3323 981 3356 es
993 3308 1060 3356 eribo
1072 3324 1127 3365 sesa,
1140 3308 1167 3356 isi
1179 3311 1217 3355 esi
1230 3305 1259 3367 (e
1272 3304 1400 3367 videlieet)

202 3406 234 3439 es
243 3406 299 3453 qen.
313 3392 381 3441 Das.
394 3407 452 3441 oum
466 3403 535 3450 scm
553 3405 569 3441 Β
582 3408 628 3456 que
641 3397 700 3441 erat
711 3409 741 3441 es
754 3392 822 3441 tribu
833 3397 858 3441 et
867 3408 959 3455 yenere
971 3393 1033 3449 Da„
1053 3404 1068 3440 Δ
1083 3409 1113 3440 ex
1126 3391 1261 3448 tribusne,
1278 3391 1304 3438 id
1321 3393 1359 3438 ssi
1370 3390 1401 3438 de

203 3476 271 3524 {sibe
283 3476 363 3534 Iuda,
379 3492 472 3540 gessere
483 3477 550 3525 Dan.
571 3473 575 3541 Ι
595 3477 701 3541 Cumque
712 3481 826 3527 moratus
843 3482 907 3527 esse!
920 3493 973 3525 essin
989 3493 1019 3525 eo
1033 3493 1090 3526 oum
1104 3489 1153 3534 co,
1171 3477 1236 3525 item
1251 3489 1266 3523 s:
1281 3476 1339 3523 Com
1352 3491 1401 3540 qua

202 3564 329 3618 seoretius
346 3574 362 3610 Α
377 3562 484 3625 Cumque
495 3560 570 3610 simul
577 3563 784 3626 permansissent,
797 3575 814 3610 n
829 3562 935 3626 Osssqss
947 3562 1040 3611 morati
1043 3562 1159 3626 fuissent
1170 3560 1245 3609 sismsl
1258 3557 1262 3623 Ι
1269 3560 1345 3625 filios
1356 3565 1402 3609 ost

194 3646 274 3712 filios
286 3646 331 3709 (cs
344 3663 385 3696 om
399 3645 507 3712 osstfil.)
521 3663 552 3695 es
563 3663 594 3695 ea
608 3646 686 3709 (hesso
696 3663 738 3697 om
749 3647 776 3710 s)
789 3663 838 3697 non
851 3648 950 3712 aceepit
963 3646 1008 3709 (ce
1021 3646 1086 3709 exe.)
1100 3663 1154 3696 cum
1167 3659 1233 3696 cns:
1248 3659 1263 3695 Δ
1270 3646 1345 3712 filios
1357 3650 1402 3696 ast

194 3733 240 3800 fii.
254 3749 284 3782 es
296 3749 326 3781 ea
338 3750 387 3783 nos
399 3734 500 3790 habui&
517 3747 534 3782 n
548 3738 644 3783 eastum
655 3734 722 3784 densi
735 3735 875 3799 coniugium
891 3736 945 3784 sine
962 3734 1097 3783 liberorum
1105 3734 1287 3799 promotione
1304 3746 1401 3782 essese·

202 3820 270 3870 iss!-
301 3818 427 3869 Venerunt
439 3824 548 3878 ionium,
565 3821 588 3869 si
600 3821 662 3869 deses
673 3821 749 3870 darei
765 3822 801 3870 eis
812 3820 932 3879 sobolem,
949 3837 1042 3871 samse
1055 3820 1143 3886 templi
1157 3820 1262 3870 servitio
1274 3821 1402 3884 mansipa-

202 3911 286 3955 issross
308 3906 378 3955 esiss
398 3905 437 3954 rei
452 3907 542 3970 oratio
562 3910 588 3955 et
605 3906 723 3970 tesssplsm
739 3907 834 3955 destini
852 3907 960 3970 sinesiis
970 3907 1051 3972 festis
1065 3923 1115 3971 per
1131 3921 1222 3955 asinum
1232 3906 1403 3970 frequentare

201 3990 323 4041 solebant.

272 4077 312 4137 11,
332 4079 355 4125 1.
377 4092 476 4140 parans
489 4076 517 4138 (c
526 4077 648 4141 portans)
661 4093 765 4126 munero
777 4094 837 4126 suo.-
850 4092 868 4127 n
879 4083 989 4141 portans
1001 4078 1041 4127 oel
1050 4093 1226 4142 parassemus.
1240 4093 1287 4126 sss
1301 4074 1305 4142 Ι
1318 4078 1403 4127 scribo

204 4162 235 4225 (o
249 4177 337 4226 praem
350 4161 480 4223 sacerdos)
493 4161 581 4226 tessspli
599 4162 627 4224 (c
644 4162 696 4210 odd
709 4162 816 4224 donnini)
830 4178 888 4212 cnm
902 4175 970 4213 cns:
990 4164 1139 4213 ssocerdos
1157 4160 1161 4228 Ι
1179 4163 1218 4210 ait
1235 4163 1264 4224 (n
1277 4162 1370 4225 elisios
1387 4176 1402 4213 c

203 4249 256 4298 edd
269 4248 304 4298 od
315 4263 377 4307 eum,
391 4262 409 4297 1>
423 4247 464 4296 ilii
478 4244 482 4313 Ι
497 4252 599 4311 syenites
610 4264 668 4298 oum
682 4261 735 4308 sn3
749 4260 782 4298 ce
795 4264 836 4298 om
851 4245 855 4314 Ι
871 4253 896 4299 ie
908 4249 1034 4299 benedirit
1047 4264 1105 4299 cnm
1119 4261 1168 4309 m
1183 4260 1217 4298 cn
1231 4248 1343 4298 benedis.
1357 4249 1403 4298 sies

205 4332 320 4400 lyersses
334 4350 392 4384 cum
406 4346 475 4393 scm
494 4347 510 4383 ι
528 4350 608 4383 semen
626 4331 630 4401 Ι
650 4335 815 4385 dominicum
830 4351 882 4395 sn;
901 4348 934 4386 cn
946 4337 988 4385 dei
1006 4337 1010 4400 Ι
1030 4336 1126 4384 idonei
1138 4351 1253 4385 reversos
1270 4332 1274 4399 Ι
1294 4339 1319 4384 et
1330 4335 1404 4384 elusit

204 4439 285 4474 neom
297 4438 354 4473 cum
368 4434 403 4472 cn
417 4420 472 4483 (om
484 4420 576 4483 sensns)
591 4430 653 4477 sss
666 4437 747 4471 seeum
760 4423 853 4472 doeens
865 4419 869 4488 Ι
885 4435 902 4472 Δ
922 4423 948 4471 is
961 4420 1071 4484 monesi!
1089 4423 1115 4471 in
1135 4422 1296 4487 losyisqssm
1308 4425 1403 4472 terram

206 4514 238 4560 nt
249 4524 280 4568 o,
296 4521 331 4559 sc
347 4509 374 4557 iss
392 4508 529 4572 longinqua
546 4512 630 4566 isera,
648 4521 664 4557 s
681 4509 708 4557 in
726 4509 885 4574 lonqinqsum
906 4506 910 4574 Ι
927 4510 966 4558 iia
984 4513 1013 4558 ssi
1030 4535 1038 4545 ·
1056 4509 1152 4557 necllum
1169 4509 1283 4558 nuntium
1296 4509 1402 4573 potuiss.

206 4597 296 4646 andire
307 4596 338 4645 ds
349 4611 378 4644 so
396 4595 423 4657 (o
436 4610 561 4658 nunqnam
574 4594 605 4642 de
617 4610 645 4643 eo
657 4595 748 4643 audire
757 4597 865 4659 potuiss.
878 4594 933 4655 ses)
951 4597 1019 4644 Ans.
1038 4611 1103 4644 osor
1119 4595 1173 4642 eius
1185 4611 1242 4643 cnm
1257 4607 1299 4643 sc.
1325 4593 1401 4643 Sinni·

207 4684 298 4733 litere
312 4707 319 4717 ·
332 4697 377 4729 nee
388 4681 500 4729 nuntium
515 4680 547 4728 de
559 4695 587 4729 eo
600 4680 702 4729 audiret
719 4696 784 4729 «τον
800 4681 861 4730 eius.
885 4694 903 4730 ο
913 4696 962 4744 per
975 4681 1058 4744 quisq.
1072 4696 1180 4738 messes,
1197 4683 1226 4728 ssi
1242 4679 1280 4728 sil
1296 4695 1404 4744 usquam

206 4768 297 4818 audies
305 4768 411 4832 possiss.
424 4768 491 4815 Ass.
504 4781 569 4815 osor
581 4781 635 4814 ess.
