3458 5640
300 1290 477 1364 INCIPIT
504 1292 649 1364 LIBER
675 1292 736 1364 DII
763 1292 885 1364 ORTU
913 1292 1094 1365 Bnnrnr]
1121 1292 1302 1367 hearne
1334 1297 1391 1367 ET

572 1409 796 1483 INTANTIA
823 1408 1116 1486 SALVATORIS.

245 1619 264 1666 Λ
280 1617 391 1667 BEATO
404 1617 595 1668 nrnr‘rnnno
609 1615 850 1668 nvnnennrsrn
864 1616 1040 1668 liminares
1054 1617 1220 1672 scalprus
1234 1621 1277 1671 ET
1293 1622 1441 1673 ΑΒΕΑΤΟ

399 1704 575 1757 IIiRONIhIO
590 1704 812 1756 Paesnrrnno
826 1706 865 1755 IN
878 1705 1039 1758 LATINUM
1051 1707 1286 1760 TithNSLATUS.

820 1896 858 1970 A.

330 2044 571 2111 Dilectissimo
588 2045 687 2111 fratri
705 2067 767 2111 suo
782 2045 958 2110 Ieronimo
976 2047 1179 2130 presbytero
1192 2047 1388 2114 Oromatius
1406 2056 1442 2115 et

245 2146 435 2213 Eliodorus
452 2148 608 2232 episcopi
625 2149 660 2212 in
678 2147 817 2214 domino
836 2148 994 2213 salutem.

332 2248 454 2318 Ortum
478 2251 612 2317 Mariae
639 2252 783 2337 virginis
810 2259 846 2317 et
871 2252 1088 2318 nativitatem
1120 2257 1225 2337 atque
1255 2252 1440 2320 infantiam

245 2355 375 2423 domini
392 2357 502 2424 nostri
518 2357 599 2422 Iesu
618 2355 750 2423 Christi
767 2357 802 2422 in
820 2357 1027 2442 apocryphis
1044 2356 1144 2422 Iibris
1161 2357 1364 2422 invenimus.
1396 2358 1438 2424 In

245 2461 372 2544 quibus
398 2462 507 2527 multa
527 2461 703 2528 contraria
731 2461 812 2527 fidei
841 2467 979 2527 nostrae
1005 2459 1269 2526 considerantes
1298 2462 1438 2545 scripte,

243 2564 438 2630 recusanda
453 2565 625 2630 credimus
643 2565 819 2646 universa,
843 2585 885 2630 ne
908 2586 970 2647 per
986 2564 1204 2630 occasionem
1224 2562 1355 2630 Christi
1372 2570 1439 2631 tra·

243 2665 402 2732 (heremus
424 2667 594 2733 laetitiam
616 2667 834 2734 antichristo.
867 2668 942 2733 Ista
962 2688 1043 2751 ergo
1065 2667 1166 2733 nobis
1188 2667 1438 2733 consideranti·

242 2768 307 2834 bus
324 2770 535 2834 exstiterunt
550 2771 612 2835 viri
630 2770 742 2835 sancti
757 2770 965 2835 Parmenius
982 2769 1172 2836 etVirinus
1192 2770 1252 2853 qni
1269 2770 1437 2853 dicerent,

242 2875 462 2938 sanctitatem
479 2880 574 2939 tuam
589 2873 784 2939 beatissimi
796 2872 967 2939 Matthaei
985 2872 1218 2957 evangelistae
1236 2894 1338 2937 manu
1356 2875 1438 2939 scri·

242 2982 339 3058 ptum
355 2976 514 3042 volumen
531 2976 731 3042 hebraicum
757 2978 945 3058 invenisse,
968 2978 1089 3060 inquo
1110 2982 1146 3041 et
1167 2976 1277 3060 ipsius
1294 2964 1438 3062 virginis

244 3079 362 3143 matris
382 3084 478 3144 ortus
496 3085 532 3144 et
548 3079 729 3145 salvatoris
747 3081 856 3146 nostri
874 3080 1023 3145 infantia
1039 3084 1133 3143 esset
1150 3079 1289 3160 scripta.
1322 3080 1369 3144 Et
1388 3081 1438 3145 id-

243 3181 334 3247 circo
366 3192 461 3246 tuam
490 3182 671 3247 caritatem
699 3205 762 3266 per
791 3184 903 3266 ipsum
934 3181 1120 3287 dominum·
1139 3187 1295 3246 nostrum
1319 3183 1437 3249 Iesum

311 3389 321 3409 ⁸
340 3390 383 3440 Ite
395 3392 492 3441 titnlue
506 3397 548 3440 est
561 3393 588 3441 in
601 3405 627 3441 n.

309 3486 325 3525 c
337 3477 389 3526 eie:
406 3476 503 3541 Incipit
513 3477 627 3542 npnorn
639 3477 670 3525 de
682 3476 789 3526 inachim
803 3480 829 3525 et
841 3491 909 3524 anne
924 3481 950 3526 et
960 3477 992 3526 (ie
1004 3477 1140 3527 nativitate
1153 3477 1241 3527 tectae
1252 3478 1294 3528 dei
1303 3480 1437 3542 penitrieie

239 3577 384 3627 semperque
396 3563 503 3627 cirpinie
514 3562 594 3611 nne-ie
607 3566 632 3612 et
643 3563 674 3612 de
687 3563 800 3627 insontia
811 3561 961 3613 ealoctorie.

307 3660 326 3698 1>
343 3651 406 3713 post
418 3650 570 3714 prologum:
590 3649 648 3712 Epo
660 3648 768 3698 Iacchus
781 3648 854 3702 (vide
867 3647 941 3714 poet)
955 3653 998 3699 etc
1012 3650 1064 3699 ite:
1084 3649 1182 3714 [incipit
1200 3649 1301 3700 linetae
1312 3651 1343 3700 de
1359 3654 1434 3702 miro·

238 3734 304 3783 enlie
315 3735 441 3800 infantiae
452 3735 547 3785 donnini
558 3736 628 3784 iiieen
640 3736 729 3785 clerinti
740 3739 766 3784 et
777 3736 809 3785 eie
817 3741 896 3800 patre
908 3740 933 3784 et
944 3741 1026 3785 enntre
1039 3736 1127 3785 heatae
1140 3738 1245 3786 vitoriae.

308 3835 323 3869 n
336 3827 398 3885 poet
411 3822 458 3872 hee
472 3837 546 3886 epp:
566 3822 663 3886 Incipit
674 3822 705 3870 de
717 3821 833 3886 infancia
845 3827 932 3871 nancte
943 3824 1024 3871 marie
1034 3828 1060 3872 et
1072 3824 1162 3871 clerinti
1174 3823 1320 3874 eniootorie.

306 3907 446 3957 Praeterea
462 3909 497 3957 cf.
511 3909 710 3971 Prolegomena.

306 3993 338 4042 Λ.
356 3992 516 4041 lnecribitur
529 3993 556 4040 In
570 4007 599 4041 a:
622 3993 742 4056 Epistola
754 3993 872 4042 cromatii
883 3997 908 4040 et
919 3993 1037 4042 elloiiori.
1058 3989 1063 4049 Ι
1082 4008 1141 4040 eno.-
1160 3995 1224 4057 vulg
1235 4009 1277 4042 om
1291 4010 1340 4044 nec
1353 4011 1433 4059 agno-

237 4081 317 4125 scunt
329 4089 345 4125 e
358 4077 422 4124 Mon
435 4077 481 4124 alii
502 4073 506 4138 Ι
527 4078 591 4139 vulg
603 4076 757 4139 Jiieronnnno
770 4077 799 4138 (n
811 4077 956 4134 hieronimo,
970 4076 1017 4125 sed
1030 4086 1111 4125 antea
1124 4076 1265 4138 monimo),
1278 4078 1343 4127 item
1358 4081 1433 4130 thro·

237 4162 329 4209 enectine
340 4165 365 4209 et
378 4160 536 4208 Heliodorus
549 4161 609 4222 (sed
629 4174 644 4209 s
657 4178 715 4210 cnm
728 4175 745 4210 n
759 4163 909 4217 consentit)
925 4159 929 4224 Ι
944 4163 1008 4225 vulg
1020 4160 1127 4209 enlntenn
1140 4163 1166 4208 in
1177 4162 1284 4211 donnino.

305 4246 369 4310 vulg
382 4250 437 4294 ete
453 4245 541 4293 Ortum
552 4246 589 4294 M.
600 4247 705 4309 repinae
718 4247 824 4311 cirpinie
837 4247 864 4308 (n
875 4245 1010 4309 oirpinnrn)
1024 4246 1099 4294 eimel
1111 4252 1136 4296 et
1149 4249 1227 4298 notio.
1241 4244 1246 4313 Ι
1261 4253 1348 4312 atque:
1360 4262 1377 4297 n
1391 4248 1430 4316 et}

237 4333 301 4397 rrrlg
310 4331 445 4381 invenimus
455 4331 528 4380 libris
541 4329 545 4397 Ι
559 4332 715 4381 recusanda.-
733 4333 907 4381 noerecanita.
926 4331 1052 4396 Specioee
1065 4333 1134 4382 iliurl
1144 4333 1259 4396 quidem.
1277 4333 1316 4383 cf.
1328 4335 1432 4385 Schede

237 4418 271 4468 eil
283 4419 309 4468 h.
320 4419 336 4469 i.
357 4416 361 4481 Ι
381 4417 504 4467 eredimus
516 4426 547 4467 ut
560 4431 594 4467 en
607 4418 670 4467 Mon
684 4421 765 4483 etipno
778 4420 859 4469 etiarn
873 4419 1028 4475 vallarsius.
1042 4434 1096 4468 non
1110 4419 1263 4469 eredidimae
1281 4415 1285 4484 Ι
1306 4422 1368 4486 vulg
1380 4422 1432 4471 lne-

237 4506 320 4555 titiam
331 4504 531 4563 cisterninam,
548 4505 641 4554 BhIon
654 4507 763 4556 antiche.
777 4505 837 4556 laet.
851 4506 920 4556 troii.
939 4502 943 4570 Ι
962 4522 1037 4570 erpo:
1053 4507 1119 4570 vrrig
1131 4506 1211 4569 ipitnr
1230 4504 1234 4572 Ι
1254 4507 1318 4572 vulg
1331 4509 1380 4558 oiri
1390 4508 1433 4558 dei

238 4594 371 4641 Armeniae
384 4589 388 4656 Ι
403 4592 545 4640 mennaei:
558 4592 586 4641 In
597 4590 673 4642 codd.
683 4593 776 4642 mathei
785 4593 864 4643 scribi
876 4594 946 4642 solet
960 4590 964 4658 Ι
979 4595 1042 4658 vulg
1052 4609 1094 4642 orn
1104 4594 1193 4657 ipsius,
1203 4594 1268 4643 item
1278 4599 1356 4652 ortes,
1367 4595 1430 4645 item

239 4677 305 4738 (non
318 4678 380 4727 item
394 4677 422 4740 n)
435 4678 517 4727 nostri
536 4675 540 4739 Ι
560 4691 577 4726 1
586 4679 755 4742 coneeriptnin
767 4685 794 4727 et
807 4680 952 4742 conscripto
971 4675 976 4744 Ι
996 4680 1034 4729 Et
1046 4679 1142 4730 idcirco
1157 4686 1200 4730 etc
1210 4695 1241 4730 ex
1254 4680 1318 4728 hIon
1331 4686 1358 4729 ct
1371 4680 1431 4742 (sed

239 4768 368 4827 transpon
382 4768 450 4812 tuane
462 4765 596 4812 caritatem
608 4769 671 4814 ente
684 4766 838 4828 expetentes)
852 4778 868 4813 s
880 4765 1054 4828 sumpsimns3
1074 4781 1092 4817 n
1109 4767 1146 4815 Ec
1160 4767 1211 4815 ide.
1230 4770 1299 4815 tuem
1314 4781 1432 4829 rnpcmne

1177 4854 1194 4899 ,ι
1204 4849 1218 4879 0
