<?xml version="1.0" encoding="UTF-8"?>
<!DOCTYPE html PUBLIC "-//W3C//DTD XHTML 1.0 Transitional//EN"
    "http://www.w3.org/TR/xhtml1/DTD/xhtml1-transitional.dtd">
<html xmlns="http://www.w3.org/1999/xhtml" xml:lang="en" lang="en">
 <head>
  <title>
</title>
<meta http-equiv="Content-Type" content="text/html;charset=utf-8" />
  <meta name='ocr-system' content='tesseract 3.04.00' />
  <meta name='ocr-capabilities' content='ocr_page ocr_carea ocr_par ocr_line ocrx_word'/>
</head>
<body>
  <div class='ocr_page' id='page_1' title='image "./evangeliaapocry02tiscgoog_0055.png"; bbox 0 0 3458 5640; ppageno 0'>
   <div class='ocr_carea' id='block_1_1' title="bbox 289 585 1023 652">
    <p class='ocr_par' dir='ltr' id='par_1_1' title="bbox 289 585 1023 652">
     <span class='ocr_line' id='line_1_1' title="bbox 289 585 1023 652; baseline -0.025 0"><span class='ocrx_word' id='word_1_1' title='bbox 289 606 403 652; x_wconf 78' lang='lat' dir='ltr'><strong>xnv111</strong></span> <span class='ocrx_word' id='word_1_2' title='bbox 751 585 1023 639; x_wconf 69' lang='lat' dir='ltr'><strong>Pisonuuouuns.</strong></span> 
     </span>
    </p>
   </div>
   <div class='ocr_carea' id='block_1_2' title="bbox 290 732 1488 1934">
    <p class='ocr_par' dir='ltr' id='par_1_2' title="bbox 290 732 1488 1934">
     <span class='ocr_line' id='line_1_2' title="bbox 293 732 1486 816; baseline -0.005 -13"><span class='ocrx_word' id='word_1_3' title='bbox 293 759 367 803; x_wconf 85' lang='lat' dir='ltr'><strong>cnm</strong></span> <span class='ocrx_word' id='word_1_4' title='bbox 390 738 432 802; x_wconf 93' lang='lat' dir='ltr'><strong>iis</strong></span> <span class='ocrx_word' id='word_1_5' title='bbox 454 734 685 801; x_wconf 83' lang='lat' dir='ltr'><strong>convenientia</strong></span> <span class='ocrx_word' id='word_1_6' title='bbox 707 755 792 816; x_wconf 84' lang='lat' dir='ltr'><strong>qnae</strong></span> <span class='ocrx_word' id='word_1_7' title='bbox 815 733 975 798; x_wconf 88' lang='lat' dir='ltr'><strong>Irenaeus</strong></span> <span class='ocrx_word' id='word_1_8' title='bbox 998 733 1068 798; x_wconf 85' lang='lat' dir='ltr'><strong>adv.</strong></span> <span class='ocrx_word' id='word_1_9' title='bbox 1083 735 1209 798; x_wconf 79' lang='lat' dir='ltr'><strong>haeres,</strong></span> <span class='ocrx_word' id='word_1_10' title='bbox 1224 732 1252 816; x_wconf 84' lang='grc' dir='ltr'><strong>Ι,</strong></span> <span class='ocrx_word' id='word_1_11' title='bbox 1268 735 1318 798; x_wconf 86' lang='grc'><strong>20.</strong></span> <span class='ocrx_word' id='word_1_12' title='bbox 1341 754 1382 798; x_wconf 85' lang='lat' dir='ltr'><strong>ex</strong></span> <span class='ocrx_word' id='word_1_13' title='bbox 1396 733 1486 798; x_wconf 83' lang='lat' dir='ltr'><strong>Mar·</strong></span> 
     </span>
     <span class='ocr_line' id='line_1_3' title="bbox 291 843 1486 914; baseline -0.005 0"><span class='ocrx_word' id='word_1_14' title='bbox 291 849 456 914; x_wconf 90' lang='lat' dir='ltr'><strong>cosiorum</strong></span> <span class='ocrx_word' id='word_1_15' title='bbox 481 844 592 911; x_wconf 89' lang='lat' dir='ltr'><strong>libello</strong></span> <span class='ocrx_word' id='word_1_16' title='bbox 621 844 718 910; x_wconf 84' lang='lat' dir='ltr'><strong>affert</strong></span> <span class='ocrx_word' id='word_1_17' title='bbox 746 850 783 908; x_wconf 88' lang='lat' dir='ltr'><strong>ut</strong></span> <span class='ocrx_word' id='word_1_18' title='bbox 811 850 869 909; x_wconf 90' lang='lat' dir='ltr'><strong>aut</strong></span> <span class='ocrx_word' id='word_1_19' title='bbox 894 845 1080 909; x_wconf 87' lang='lat' dir='ltr'><strong>Marcosios</strong></span> <span class='ocrx_word' id='word_1_20' title='bbox 1106 843 1226 909; x_wconf 91' lang='lat' dir='ltr'><strong>librum</strong></span> <span class='ocrx_word' id='word_1_21' title='bbox 1253 843 1401 910; x_wconf 78' lang='lat' dir='ltr'><strong>Thomas</strong></span> <span class='ocrx_word' id='word_1_22' title='bbox 1428 850 1486 909; x_wconf 89' lang='lat' dir='ltr'><strong>aut</strong></span> 
     </span>
     <span class='ocr_line' id='line_1_4' title="bbox 290 953 1486 1024; baseline -0.002 -1"><span class='ocrx_word' id='word_1_23' title='bbox 290 956 598 1024; x_wconf 77' lang='lat' dir='ltr'><strong>Pseudo-Thomam</strong></span> <span class='ocrx_word' id='word_1_24' title='bbox 629 954 872 1021; x_wconf 89' lang='lat' dir='ltr'><strong>Marcosiorum</strong></span> <span class='ocrx_word' id='word_1_25' title='bbox 903 953 1024 1020; x_wconf 92' lang='lat' dir='ltr'><strong>librum</strong></span> <span class='ocrx_word' id='word_1_26' title='bbox 1054 953 1243 1020; x_wconf 81' lang='lat' dir='ltr'><strong>adhibuisse</strong></span> <span class='ocrx_word' id='word_1_27' title='bbox 1274 955 1486 1021; x_wconf 87' lang='lat' dir='ltr'><strong>statuendum</strong></span> 
     </span>
     <span class='ocr_line' id='line_1_5' title="bbox 292 1066 1486 1151; baseline 0 -17"><span class='ocrx_word' id='word_1_28' title='bbox 292 1070 344 1135; x_wconf 90' lang='lat' dir='ltr'><strong>sit.</strong></span> <span class='ocrx_word' id='word_1_29' title='bbox 387 1068 462 1134; x_wconf 90' lang='lat' dir='ltr'><strong>Iam</strong></span> <span class='ocrx_word' id='word_1_30' title='bbox 483 1088 560 1134; x_wconf 80' lang='lat' dir='ltr'><strong>vern</strong></span> <span class='ocrx_word' id='word_1_31' title='bbox 584 1067 624 1132; x_wconf 89' lang='lat' dir='ltr'><strong>ab</strong></span> <span class='ocrx_word' id='word_1_32' title='bbox 649 1066 892 1133; x_wconf 89' lang='lat' dir='ltr'><strong>Marcosiorum</strong></span> <span class='ocrx_word' id='word_1_33' title='bbox 915 1066 1024 1151; x_wconf 88' lang='lat' dir='ltr'><strong>aliquo</strong></span> <span class='ocrx_word' id='word_1_34' title='bbox 1047 1068 1155 1151; x_wconf 90' lang='lat' dir='ltr'><strong>ipsum</strong></span> <span class='ocrx_word' id='word_1_35' title='bbox 1176 1067 1322 1134; x_wconf 79' lang='lat' dir='ltr'><strong>Thomas</strong></span> <span class='ocrx_word' id='word_1_36' title='bbox 1351 1089 1486 1151; x_wconf 86' lang='lat' dir='ltr'><strong>evange·</strong></span> 
     </span>
     <span class='ocr_line' id='line_1_6' title="bbox 290 1178 1486 1270; baseline -0.002 -22"><span class='ocrx_word' id='word_1_37' title='bbox 290 1183 371 1248; x_wconf 91' lang='lat' dir='ltr'><strong>lium</strong></span> <span class='ocrx_word' id='word_1_38' title='bbox 395 1181 619 1270; x_wconf 86' lang='lat' dir='ltr'><strong>conscriptum</strong></span> <span class='ocrx_word' id='word_1_39' title='bbox 642 1199 723 1261; x_wconf 92' lang='lat' dir='ltr'><strong>esse,</strong></span> <span class='ocrx_word' id='word_1_40' title='bbox 745 1199 810 1244; x_wconf 90' lang='lat' dir='ltr'><strong>non</strong></span> <span class='ocrx_word' id='word_1_41' title='bbox 833 1179 904 1244; x_wconf 91' lang='lat' dir='ltr'><strong>sine</strong></span> <span class='ocrx_word' id='word_1_42' title='bbox 926 1179 1161 1262; x_wconf 80' lang='lat' dir='ltr'><strong>probabilitate</strong></span> <span class='ocrx_word' id='word_1_43' title='bbox 1184 1199 1258 1245; x_wconf 92' lang='lat' dir='ltr'><strong>cum</strong></span> <span class='ocrx_word' id='word_1_44' title='bbox 1277 1178 1486 1246; x_wconf 89' lang='lat' dir='ltr'><strong>Bellosobrio</strong></span> 
     </span>
     <span class='ocr_line' id='line_1_7' title="bbox 292 1290 1488 1375; baseline -0.003 -16"><span class='ocrx_word' id='word_1_45' title='bbox 292 1294 427 1375; x_wconf 83' lang='lat' dir='ltr'><strong>dixeris,</strong></span> <span class='ocrx_word' id='word_1_46' title='bbox 450 1292 613 1375; x_wconf 84' lang='lat' dir='ltr'><strong>siquidem</strong></span> <span class='ocrx_word' id='word_1_47' title='bbox 636 1312 720 1374; x_wconf 89' lang='lat' dir='ltr'><strong>quae</strong></span> <span class='ocrx_word' id='word_1_48' title='bbox 743 1290 895 1375; x_wconf 81' lang='lat' dir='ltr'><strong>gnostica</strong></span> <span class='ocrx_word' id='word_1_49' title='bbox 918 1312 989 1356; x_wconf 90' lang='lat' dir='ltr'><strong>esse</strong></span> <span class='ocrx_word' id='word_1_50' title='bbox 1012 1290 1152 1356; x_wconf 86' lang='lat' dir='ltr'><strong>vidimus</strong></span> <span class='ocrx_word' id='word_1_51' title='bbox 1174 1291 1286 1356; x_wconf 87' lang='lat' dir='ltr'><strong>eadem</strong></span> <span class='ocrx_word' id='word_1_52' title='bbox 1309 1291 1488 1358; x_wconf 89' lang='lat' dir='ltr'><strong>Marcosiis</strong></span> 
     </span>
     <span class='ocr_line' id='line_1_8' title="bbox 292 1401 1487 1485; baseline -0.003 -13"><span class='ocrx_word' id='word_1_53' title='bbox 292 1406 468 1472; x_wconf 85' lang='lat' dir='ltr'><strong>convenire</strong></span> <span class='ocrx_word' id='word_1_54' title='bbox 500 1402 656 1469; x_wconf 82' lang='lat' dir='ltr'><strong>credibile</strong></span> <span class='ocrx_word' id='word_1_55' title='bbox 688 1408 753 1483; x_wconf 76' lang='lat' dir='ltr'><strong>est,</strong></span> <span class='ocrx_word' id='word_1_56' title='bbox 784 1401 978 1485; x_wconf 81' lang='lat' dir='ltr'><strong>allegoricos</strong></span> <span class='ocrx_word' id='word_1_57' title='bbox 1001 1423 1078 1469; x_wconf 88' lang='lat' dir='ltr'><strong>vero</strong></span> <span class='ocrx_word' id='word_1_58' title='bbox 1105 1403 1292 1468; x_wconf 86' lang='lat' dir='ltr'><strong>litterarum</strong></span> <span class='ocrx_word' id='word_1_59' title='bbox 1321 1403 1413 1469; x_wconf 90' lang='lat' dir='ltr'><strong>lusus</strong></span> <span class='ocrx_word' id='word_1_60' title='bbox 1444 1426 1487 1469; x_wconf 88' lang='lat' dir='ltr'><strong>an</strong></span> 
     </span>
     <span class='ocr_line' id='line_1_9' title="bbox 291 1513 1488 1600; baseline -0.001 -19"><span class='ocrx_word' id='word_1_61' title='bbox 291 1516 348 1583; x_wconf 83' lang='lat' dir='ltr'><strong>alii</strong></span> <span class='ocrx_word' id='word_1_62' title='bbox 372 1521 506 1600; x_wconf 86' lang='lat' dir='ltr'><strong>praeter</strong></span> <span class='ocrx_word' id='word_1_63' title='bbox 528 1514 714 1579; x_wconf 87' lang='lat' dir='ltr'><strong>Marcosios</strong></span> <span class='ocrx_word' id='word_1_64' title='bbox 736 1513 946 1578; x_wconf 86' lang='lat' dir='ltr'><strong>exercuerint</strong></span> <span class='ocrx_word' id='word_1_65' title='bbox 956 1513 981 1596; x_wconf 89' lang='lat'><strong>¹)</strong></span> <span class='ocrx_word' id='word_1_66' title='bbox 1011 1535 1077 1578; x_wconf 94' lang='lat' dir='ltr'><strong>non</strong></span> <span class='ocrx_word' id='word_1_67' title='bbox 1101 1514 1215 1596; x_wconf 88' lang='lat' dir='ltr'><strong>liquet.</strong></span> <span class='ocrx_word' id='word_1_68' title='bbox 1257 1514 1314 1579; x_wconf 92' lang='lat' dir='ltr'><strong>Ab</strong></span> <span class='ocrx_word' id='word_1_69' title='bbox 1336 1515 1388 1579; x_wconf 92' lang='lat' dir='ltr'><strong>his</strong></span> <span class='ocrx_word' id='word_1_70' title='bbox 1410 1535 1488 1580; x_wconf 82' lang='lat' dir='ltr'><strong>vero</strong></span> 
     </span>
     <span class='ocr_line' id='line_1_10' title="bbox 293 1621 1487 1712; baseline -0.002 -18"><span class='ocrx_word' id='word_1_71' title='bbox 293 1634 471 1712; x_wconf 77' lang='lat' dir='ltr'><strong>postquam</strong></span> <span class='ocrx_word' id='word_1_72' title='bbox 494 1628 647 1691; x_wconf 83' lang='lat' dir='ltr'><strong>inventus</strong></span> <span class='ocrx_word' id='word_1_73' title='bbox 670 1621 721 1690; x_wconf 83' lang='lat' dir='ltr'><strong>est</strong></span> <span class='ocrx_word' id='word_1_74' title='bbox 742 1624 885 1708; x_wconf 87' lang='lat' dir='ltr'><strong>libellus,</strong></span> <span class='ocrx_word' id='word_1_75' title='bbox 909 1624 950 1689; x_wconf 84' lang='lat' dir='ltr'><strong>ad</strong></span> <span class='ocrx_word' id='word_1_76' title='bbox 971 1623 1118 1708; x_wconf 88' lang='lat' dir='ltr'><strong>reliquos</strong></span> <span class='ocrx_word' id='word_1_77' title='bbox 1139 1622 1296 1707; x_wconf 89' lang='lat' dir='ltr'><strong>Docctas,</strong></span> <span class='ocrx_word' id='word_1_78' title='bbox 1318 1625 1359 1691; x_wconf 88' lang='lat' dir='ltr'><strong>nd</strong></span> <span class='ocrx_word' id='word_1_79' title='bbox 1380 1624 1487 1693; x_wconf 84' lang='lat' dir='ltr'><strong>Naas·</strong></span> 
     </span>
     <span class='ocr_line' id='line_1_11' title="bbox 292 1735 1488 1822; baseline -0.001 -17"><span class='ocrx_word' id='word_1_80' title='bbox 292 1760 389 1805; x_wconf 90' lang='lat' dir='ltr'><strong>senos</strong></span> <span class='ocrx_word' id='word_1_81' title='bbox 412 1744 512 1821; x_wconf 89' lang='lat' dir='ltr'><strong>(teste</strong></span> <span class='ocrx_word' id='word_1_82' title='bbox 526 1735 844 1822; x_wconf 85' lang='lat' dir='ltr'><strong>Pseudo-Origene),</strong></span> <span class='ocrx_word' id='word_1_83' title='bbox 866 1737 1017 1821; x_wconf 89' lang='lat' dir='ltr'><strong>inprimis</strong></span> <span class='ocrx_word' id='word_1_84' title='bbox 1040 1737 1082 1802; x_wconf 87' lang='lat' dir='ltr'><strong>ad</strong></span> <span class='ocrx_word' id='word_1_85' title='bbox 1105 1736 1319 1804; x_wconf 84' lang='lat' dir='ltr'><strong>Manichacus</strong></span> <span class='ocrx_word' id='word_1_86' title='bbox 1342 1739 1488 1821; x_wconf 80' lang='lat' dir='ltr'><strong>transiit3</strong></span> 
     </span>
     <span class='ocr_line' id='line_1_12' title="bbox 292 1848 1376 1934; baseline 0 -17"><span class='ocrx_word' id='word_1_87' title='bbox 292 1872 400 1934; x_wconf 89' lang='lat' dir='ltr'><strong>neque</strong></span> <span class='ocrx_word' id='word_1_88' title='bbox 422 1850 555 1934; x_wconf 89' lang='lat' dir='ltr'><strong>passim,</strong></span> <span class='ocrx_word' id='word_1_89' title='bbox 577 1855 615 1916; x_wconf 93' lang='lat' dir='ltr'><strong>ut</strong></span> <span class='ocrx_word' id='word_1_90' title='bbox 635 1855 749 1915; x_wconf 91' lang='lat' dir='ltr'><strong>notum</strong></span> <span class='ocrx_word' id='word_1_91' title='bbox 773 1855 831 1931; x_wconf 87' lang='lat' dir='ltr'><strong>est,</strong></span> <span class='ocrx_word' id='word_1_92' title='bbox 854 1849 935 1933; x_wconf 88' lang='lat' dir='ltr'><strong>ipsis</strong></span> <span class='ocrx_word' id='word_1_93' title='bbox 958 1848 1141 1916; x_wconf 81' lang='lat' dir='ltr'><strong>Catholicis</strong></span> <span class='ocrx_word' id='word_1_94' title='bbox 1164 1850 1330 1934; x_wconf 88' lang='lat' dir='ltr'><strong>displicuit</strong></span> <span class='ocrx_word' id='word_1_95' title='bbox 1340 1851 1376 1933; x_wconf 52' lang='grc' dir='ltr'><strong>ἵ),</strong></span> 
     </span>
    </p>
   </div>
   <div class='ocr_carea' id='block_1_3' title="bbox 361 1997 1413 2107">
    <p class='ocr_par' dir='ltr' id='par_1_3' title="bbox 361 1997 1413 2107">
     <span class='ocr_line' id='line_1_13' title="bbox 361 1997 1413 2107; baseline -0.003 0"><span class='ocrx_word' id='word_1_96' title='bbox 361 2037 464 2107; x_wconf 81' lang='lat' dir='ltr'><strong>vm.</strong></span> <span class='ocrx_word' id='word_1_97' title='bbox 507 1997 830 2106; x_wconf 69' lang='lat' dir='ltr'><strong>arenosorum</strong></span> <span class='ocrx_word' id='word_1_98' title='bbox 856 2035 1127 2103; x_wconf 79' lang='lat' dir='ltr'><strong>mrnnrmn</strong></span> <span class='ocrx_word' id='word_1_99' title='bbox 1151 2037 1413 2105; x_wconf 79' lang='lat' dir='ltr'><strong>Anlnrourr.</strong></span> 
     </span>
    </p>
   </div>
   <div class='ocr_carea' id='block_1_4' title="bbox 213 2173 1490 2812">
    <p class='ocr_par' dir='ltr' id='par_1_4' title="bbox 213 2173 1490 2812">
     <span class='ocr_line' id='line_1_14' title="bbox 378 2173 1490 2258; baseline 0.002 -20"><span class='ocrx_word' id='word_1_100' title='bbox 378 2174 567 2256; x_wconf 89' lang='lat' dir='ltr'><strong>Antiquum</strong></span> <span class='ocrx_word' id='word_1_101' title='bbox 592 2173 682 2238; x_wconf 90' lang='lat' dir='ltr'><strong>istud</strong></span> <span class='ocrx_word' id='word_1_102' title='bbox 708 2195 748 2238; x_wconf 89' lang='lat' dir='ltr'><strong>ac</strong></span> <span class='ocrx_word' id='word_1_103' title='bbox 775 2173 987 2238; x_wconf 89' lang='lat' dir='ltr'><strong>memorabile</strong></span> <span class='ocrx_word' id='word_1_104' title='bbox 1014 2179 1261 2238; x_wconf 88' lang='lat' dir='ltr'><strong>monumentum</strong></span> <span class='ocrx_word' id='word_1_105' title='bbox 1285 2176 1490 2258; x_wconf 89' lang='lat' dir='ltr'><strong>superstitio·</strong></span> 
     </span>
     <span class='ocr_line' id='line_1_15' title="bbox 294 2283 1490 2351; baseline 0 -1"><span class='ocrx_word' id='word_1_106' title='bbox 294 2287 346 2350; x_wconf 91' lang='lat' dir='ltr'><strong>nis</strong></span> <span class='ocrx_word' id='word_1_107' title='bbox 374 2283 639 2351; x_wconf 83' lang='lat' dir='ltr'><strong>Christianorum</strong></span> <span class='ocrx_word' id='word_1_108' title='bbox 671 2283 880 2348; x_wconf 89' lang='lat' dir='ltr'><strong>orientalium</strong></span> <span class='ocrx_word' id='word_1_109' title='bbox 911 2283 1075 2348; x_wconf 87' lang='lat' dir='ltr'><strong>noluimus</strong></span> <span class='ocrx_word' id='word_1_110' title='bbox 1103 2283 1215 2349; x_wconf 86' lang='lat' dir='ltr'><strong>deesse</strong></span> <span class='ocrx_word' id='word_1_111' title='bbox 1247 2285 1281 2348; x_wconf 94' lang='lat' dir='ltr'><strong>in</strong></span> <span class='ocrx_word' id='word_1_112' title='bbox 1309 2286 1373 2349; x_wconf 90' lang='lat' dir='ltr'><strong>hac</strong></span> <span class='ocrx_word' id='word_1_113' title='bbox 1403 2307 1490 2350; x_wconf 85' lang='lat' dir='ltr'><strong>nova</strong></span> 
     </span>
     <span class='ocr_line' id='line_1_16' title="bbox 293 2393 1490 2481; baseline -0.001 -19"><span class='ocrx_word' id='word_1_114' title='bbox 293 2395 559 2481; x_wconf 83' lang='lat' dir='ltr'><strong>apocryphorum</strong></span> <span class='ocrx_word' id='word_1_115' title='bbox 590 2393 835 2478; x_wconf 80' lang='lat' dir='ltr'><strong>evangeliorum</strong></span> <span class='ocrx_word' id='word_1_116' title='bbox 866 2394 1068 2459; x_wconf 80' lang='lat' dir='ltr'><strong>collectione.</strong></span> <span class='ocrx_word' id='word_1_117' title='bbox 1122 2393 1220 2478; x_wconf 81' lang='lat' dir='ltr'><strong>Quod</strong></span> <span class='ocrx_word' id='word_1_118' title='bbox 1251 2416 1351 2477; x_wconf 90' lang='lat' dir='ltr'><strong>quum</strong></span> <span class='ocrx_word' id='word_1_119' title='bbox 1383 2396 1490 2479; x_wconf 88' lang='lat' dir='ltr'><strong>prima</strong></span> 
     </span>
     <span class='ocr_line' id='line_1_17' title="bbox 292 2504 1490 2591; baseline -0.001 -19"><span class='ocrx_word' id='word_1_120' title='bbox 292 2512 397 2591; x_wconf 84' lang='lat' dir='ltr'><strong>parte,</strong></span> <span class='ocrx_word' id='word_1_121' title='bbox 420 2527 479 2588; x_wconf 89' lang='lat' dir='ltr'><strong>per</strong></span> <span class='ocrx_word' id='word_1_122' title='bbox 503 2505 614 2588; x_wconf 89' lang='lat' dir='ltr'><strong>capita</strong></span> <span class='ocrx_word' id='word_1_123' title='bbox 636 2504 704 2570; x_wconf 88' lang='lat' dir='ltr'><strong>fere</strong></span> <span class='ocrx_word' id='word_1_124' title='bbox 727 2525 852 2587; x_wconf 87' lang='lat' dir='ltr'><strong>novem,</strong></span> <span class='ocrx_word' id='word_1_125' title='bbox 875 2504 917 2570; x_wconf 86' lang='lat' dir='ltr'><strong>ad</strong></span> <span class='ocrx_word' id='word_1_126' title='bbox 940 2505 1109 2588; x_wconf 86' lang='lat' dir='ltr'><strong>evangelia</strong></span> <span class='ocrx_word' id='word_1_127' title='bbox 1130 2504 1401 2590; x_wconf 89' lang='lat' dir='ltr'><strong>Pseudo-Iacchi,</strong></span> <span class='ocrx_word' id='word_1_128' title='bbox 1424 2506 1490 2571; x_wconf 92' lang='lat' dir='ltr'><strong>Lu-</strong></span> 
     </span>
     <span class='ocr_line' id='line_1_18' title="bbox 213 2598 1489 2711; baseline -0.001 -26"><span class='ocrx_word' id='word_1_129' title='bbox 213 2702 218 2711; x_wconf 33' lang='lat'><strong>·</strong></span> <span class='ocrx_word' id='word_1_130' title='bbox 293 2639 351 2685; x_wconf 87' lang='lat' dir='ltr'><strong>cae</strong></span> <span class='ocrx_word' id='word_1_131' title='bbox 379 2623 412 2683; x_wconf 92' lang='lat' dir='ltr'><strong>et</strong></span> <span class='ocrx_word' id='word_1_132' title='bbox 433 2615 614 2700; x_wconf 88' lang='lat' dir='ltr'><strong>Matthaei,</strong></span> <span class='ocrx_word' id='word_1_133' title='bbox 645 2598 805 2698; x_wconf 84' lang='lat' dir='ltr'><strong>extrema,</strong></span> <span class='ocrx_word' id='word_1_134' title='bbox 837 2615 913 2682; x_wconf 90' lang='lat' dir='ltr'><strong>inde</strong></span> <span class='ocrx_word' id='word_1_135' title='bbox 936 2638 957 2682; x_wconf 91' lang='lat' dir='ltr'><strong>a</strong></span> <span class='ocrx_word' id='word_1_136' title='bbox 977 2617 1145 2682; x_wconf 91' lang='lat' dir='ltr'><strong>tricesimo</strong></span> <span class='ocrx_word' id='word_1_137' title='bbox 1174 2623 1266 2683; x_wconf 82' lang='lat' dir='ltr'><strong>sexto</strong></span> <span class='ocrx_word' id='word_1_138' title='bbox 1296 2619 1415 2701; x_wconf 89' lang='lat' dir='ltr'><strong>capite,</strong></span> <span class='ocrx_word' id='word_1_139' title='bbox 1446 2620 1489 2684; x_wconf 85' lang='lat' dir='ltr'><strong>ad</strong></span> 
     </span>
     <span class='ocr_line' id='line_1_19' title="bbox 293 2715 1490 2812; baseline -0.001 -16"><span class='ocrx_word' id='word_1_140' title='bbox 293 2727 586 2796; x_wconf 77' lang='lat' dir='ltr'><strong>Pseudo-Thomae</strong></span> <span class='ocrx_word' id='word_1_141' title='bbox 601 2726 722 2792; x_wconf 89' lang='lat' dir='ltr'><strong>librum</strong></span> <span class='ocrx_word' id='word_1_142' title='bbox 737 2726 930 2811; x_wconf 89' lang='lat' dir='ltr'><strong>plerumque</strong></span> <span class='ocrx_word' id='word_1_143' title='bbox 954 2715 1191 2793; x_wconf 79' lang='lat' dir='ltr'><strong>conformatum</strong></span> <span class='ocrx_word' id='word_1_144' title='bbox 1214 2734 1272 2812; x_wconf 83' lang='lat' dir='ltr'><strong>est,</strong></span> <span class='ocrx_word' id='word_1_145' title='bbox 1293 2735 1363 2794; x_wconf 90' lang='lat' dir='ltr'><strong>tum</strong></span> <span class='ocrx_word' id='word_1_146' title='bbox 1382 2729 1490 2795; x_wconf 90' lang='lat' dir='ltr'><strong>media</strong></span> 
     </span>
    </p>
   </div>
   <div class='ocr_carea' id='block_1_5' title="bbox 294 2837 1495 4268">
    <p class='ocr_par' dir='ltr' id='par_1_5' title="bbox 294 2837 1495 4268">
     <span class='ocr_line' id='line_1_20' title="bbox 294 2837 1489 2924; baseline 0 -19"><span class='ocrx_word' id='word_1_147' title='bbox 294 2844 398 2924; x_wconf 88' lang='lat' dir='ltr'><strong>parte,</strong></span> <span class='ocrx_word' id='word_1_148' title='bbox 421 2839 582 2904; x_wconf 81' lang='lat' dir='ltr'><strong>odecimo</strong></span> <span class='ocrx_word' id='word_1_149' title='bbox 606 2839 715 2921; x_wconf 90' lang='lat' dir='ltr'><strong>capite</strong></span> <span class='ocrx_word' id='word_1_150' title='bbox 737 2858 842 2920; x_wconf 89' lang='lat' dir='ltr'><strong>usque</strong></span> <span class='ocrx_word' id='word_1_151' title='bbox 866 2837 908 2902; x_wconf 88' lang='lat' dir='ltr'><strong>ad</strong></span> <span class='ocrx_word' id='word_1_152' title='bbox 928 2839 1131 2904; x_wconf 90' lang='lat' dir='ltr'><strong>tricesimum</strong></span> <span class='ocrx_word' id='word_1_153' title='bbox 1147 2840 1306 2924; x_wconf 89' lang='lat' dir='ltr'><strong>quintum,</strong></span> <span class='ocrx_word' id='word_1_154' title='bbox 1329 2841 1489 2906; x_wconf 87' lang='lat' dir='ltr'><strong>eiusmodi</strong></span> 
     </span>
     <span class='ocr_line' id='line_1_21' title="bbox 295 2949 1491 3035; baseline 0 -18"><span class='ocrx_word' id='word_1_155' title='bbox 295 2951 437 3017; x_wconf 84' lang='lat' dir='ltr'><strong>maxime</strong></span> <span class='ocrx_word' id='word_1_156' title='bbox 460 2949 587 3015; x_wconf 80' lang='lat' dir='ltr'><strong>fabulas</strong></span> <span class='ocrx_word' id='word_1_157' title='bbox 610 2951 758 3017; x_wconf 87' lang='lat' dir='ltr'><strong>continet</strong></span> <span class='ocrx_word' id='word_1_158' title='bbox 774 2970 857 3032; x_wconf 88' lang='lat' dir='ltr'><strong>quas</strong></span> <span class='ocrx_word' id='word_1_159' title='bbox 880 2951 1013 3034; x_wconf 89' lang='lat' dir='ltr'><strong>proprie</strong></span> <span class='ocrx_word' id='word_1_160' title='bbox 1036 2951 1212 3016; x_wconf 86' lang='lat' dir='ltr'><strong>orientales</strong></span> <span class='ocrx_word' id='word_1_161' title='bbox 1226 2950 1325 3034; x_wconf 87' lang='lat' dir='ltr'><strong>dicas,</strong></span> <span class='ocrx_word' id='word_1_162' title='bbox 1347 2953 1491 3035; x_wconf 87' lang='lat' dir='ltr'><strong>repletas</strong></span> 
     </span>
     <span class='ocr_line' id='line_1_22' title="bbox 296 3062 1491 3147; baseline 0.002 -18"><span class='ocrx_word' id='word_1_163' title='bbox 296 3062 424 3130; x_wconf 82' lang='lat' dir='ltr'><strong>Satana</strong></span> <span class='ocrx_word' id='word_1_164' title='bbox 446 3062 740 3146; x_wconf 85' lang='lat' dir='ltr'><strong>daemonibusque,</strong></span> <span class='ocrx_word' id='word_1_165' title='bbox 767 3062 932 3129; x_wconf 81' lang='lat' dir='ltr'><strong>veneficiis</strong></span> <span class='ocrx_word' id='word_1_166' title='bbox 954 3063 1157 3147; x_wconf 88' lang='lat' dir='ltr'><strong>magicisque</strong></span> <span class='ocrx_word' id='word_1_167' title='bbox 1184 3064 1320 3129; x_wconf 87' lang='lat' dir='ltr'><strong>artibus.</strong></span> <span class='ocrx_word' id='word_1_168' title='bbox 1363 3065 1491 3131; x_wconf 85' lang='lat' dir='ltr'><strong>Eodem</strong></span> 
     </span>
     <span class='ocr_line' id='line_1_23' title="bbox 296 3174 1492 3261; baseline 0.001 -18"><span class='ocrx_word' id='word_1_169' title='bbox 296 3174 448 3243; x_wconf 85' lang='lat' dir='ltr'><strong>orientali</strong></span> <span class='ocrx_word' id='word_1_170' title='bbox 480 3175 612 3260; x_wconf 83' lang='lat' dir='ltr'><strong>ingenio</strong></span> <span class='ocrx_word' id='word_1_171' title='bbox 645 3196 709 3259; x_wconf 91' lang='lat' dir='ltr'><strong>quo</strong></span> <span class='ocrx_word' id='word_1_172' title='bbox 741 3176 824 3242; x_wconf 86' lang='lat' dir='ltr'><strong>hacc</strong></span> <span class='ocrx_word' id='word_1_173' title='bbox 861 3176 987 3260; x_wconf 86' lang='lat' dir='ltr'><strong>scripta</strong></span> <span class='ocrx_word' id='word_1_174' title='bbox 1018 3182 1094 3240; x_wconf 88' lang='lat' dir='ltr'><strong>sunt</strong></span> <span class='ocrx_word' id='word_1_175' title='bbox 1124 3176 1235 3241; x_wconf 85' lang='lat' dir='ltr'><strong>valent</strong></span> <span class='ocrx_word' id='word_1_176' title='bbox 1265 3198 1304 3242; x_wconf 85' lang='lat' dir='ltr'><strong>en</strong></span> <span class='ocrx_word' id='word_1_177' title='bbox 1335 3199 1419 3261; x_wconf 87' lang='lat' dir='ltr'><strong>quae</strong></span> <span class='ocrx_word' id='word_1_178' title='bbox 1451 3179 1492 3244; x_wconf 87' lang='lat' dir='ltr'><strong>ad</strong></span> 
     </span>
     <span class='ocr_line' id='line_1_24' title="bbox 298 3289 1493 3374; baseline -0.002 -18"><span class='ocrx_word' id='word_1_179' title='bbox 298 3294 483 3356; x_wconf 84' lang='lat' dir='ltr'><strong>commenta</strong></span> <span class='ocrx_word' id='word_1_180' title='bbox 505 3310 544 3355; x_wconf 83' lang='lat' dir='ltr'><strong>ex</strong></span> <span class='ocrx_word' id='word_1_181' title='bbox 567 3289 695 3374; x_wconf 82' lang='lat' dir='ltr'><strong>graecis</strong></span> <span class='ocrx_word' id='word_1_182' title='bbox 716 3289 894 3372; x_wconf 88' lang='lat' dir='ltr'><strong>latinisque</strong></span> <span class='ocrx_word' id='word_1_183' title='bbox 916 3289 1010 3354; x_wconf 91' lang='lat' dir='ltr'><strong>libris</strong></span> <span class='ocrx_word' id='word_1_184' title='bbox 1026 3289 1130 3373; x_wconf 86' lang='lat' dir='ltr'><strong>petita</strong></span> <span class='ocrx_word' id='word_1_185' title='bbox 1145 3289 1321 3372; x_wconf 88' lang='lat' dir='ltr'><strong>adduntur,</strong></span> <span class='ocrx_word' id='word_1_186' title='bbox 1344 3297 1380 3356; x_wconf 89' lang='lat' dir='ltr'><strong>nt</strong></span> <span class='ocrx_word' id='word_1_187' title='bbox 1401 3296 1493 3356; x_wconf 88' lang='lat' dir='ltr'><strong>ortus</strong></span> 
     </span>
     <span class='ocr_line' id='line_1_25' title="bbox 297 3400 1493 3486; baseline 0.002 -19"><span class='ocrx_word' id='word_1_188' title='bbox 297 3401 444 3468; x_wconf 87' lang='lat' dir='ltr'><strong>Messias</strong></span> <span class='ocrx_word' id='word_1_189' title='bbox 460 3423 480 3468; x_wconf 91' lang='lat' dir='ltr'><strong>a</strong></span> <span class='ocrx_word' id='word_1_190' title='bbox 495 3401 675 3468; x_wconf 86' lang='lat' dir='ltr'><strong>Zoroastre</strong></span> <span class='ocrx_word' id='word_1_191' title='bbox 690 3401 880 3485; x_wconf 88' lang='lat' dir='ltr'><strong>praedictus</strong></span> <span class='ocrx_word' id='word_1_192' title='bbox 905 3400 1144 3486; x_wconf 89' lang='lat' dir='ltr'><strong>(capiteVII.),</strong></span> <span class='ocrx_word' id='word_1_193' title='bbox 1166 3408 1204 3466; x_wconf 88' lang='lat' dir='ltr'><strong>ut</strong></span> <span class='ocrx_word' id='word_1_194' title='bbox 1225 3404 1337 3469; x_wconf 73' lang='lat' dir='ltr'><strong>breuia</strong></span> <span class='ocrx_word' id='word_1_195' title='bbox 1359 3405 1493 3470; x_wconf 84' lang='lat' dir='ltr'><strong>infantis</strong></span> 
     </span>
     <span class='ocr_line' id='line_1_26' title="bbox 298 3513 1493 3600; baseline 0.001 -19"><span class='ocrx_word' id='word_1_196' title='bbox 298 3513 449 3581; x_wconf 87' lang='lat' dir='ltr'><strong>aMaria</strong></span> <span class='ocrx_word' id='word_1_197' title='bbox 471 3516 574 3598; x_wconf 86' lang='lat' dir='ltr'><strong>magis</strong></span> <span class='ocrx_word' id='word_1_198' title='bbox 597 3514 810 3580; x_wconf 88' lang='lat' dir='ltr'><strong>adorantibus</strong></span> <span class='ocrx_word' id='word_1_199' title='bbox 833 3514 920 3596; x_wconf 84' lang='lat' dir='ltr'><strong>duta,</strong></span> <span class='ocrx_word' id='word_1_200' title='bbox 942 3517 1017 3600; x_wconf 84' lang='lat' dir='ltr'><strong>igne</strong></span> <span class='ocrx_word' id='word_1_201' title='bbox 1040 3536 1106 3580; x_wconf 93' lang='lat' dir='ltr'><strong>non</strong></span> <span class='ocrx_word' id='word_1_202' title='bbox 1129 3514 1365 3597; x_wconf 88' lang='lat' dir='ltr'><strong>comprehensa</strong></span> <span class='ocrx_word' id='word_1_203' title='bbox 1388 3522 1493 3600; x_wconf 89' lang='lat' dir='ltr'><strong>(capp.</strong></span> 
     </span>
     <span class='ocr_line' id='line_1_27' title="bbox 298 3623 1493 3712; baseline 0.001 -20"><span class='ocrx_word' id='word_1_204' title='bbox 298 3623 386 3709; x_wconf 88' lang='lat' dir='ltr'><strong>VII,</strong></span> <span class='ocrx_word' id='word_1_205' title='bbox 408 3624 539 3710; x_wconf 75' lang='lat' dir='ltr'><strong>VEL),</strong></span> <span class='ocrx_word' id='word_1_206' title='bbox 566 3631 604 3690; x_wconf 93' lang='lat' dir='ltr'><strong>ut</strong></span> <span class='ocrx_word' id='word_1_207' title='bbox 626 3647 711 3709; x_wconf 88' lang='lat' dir='ltr'><strong>quae</strong></span> <span class='ocrx_word' id='word_1_208' title='bbox 735 3626 774 3692; x_wconf 91' lang='lat' dir='ltr'><strong>de</strong></span> <span class='ocrx_word' id='word_1_209' title='bbox 797 3627 891 3709; x_wconf 88' lang='lat' dir='ltr'><strong>pueri</strong></span> <span class='ocrx_word' id='word_1_210' title='bbox 913 3626 1033 3709; x_wconf 87' lang='lat' dir='ltr'><strong>peritia</strong></span> <span class='ocrx_word' id='word_1_211' title='bbox 1055 3626 1280 3691; x_wconf 88' lang='lat' dir='ltr'><strong>astronomica</strong></span> <span class='ocrx_word' id='word_1_212' title='bbox 1302 3633 1336 3692; x_wconf 91' lang='lat' dir='ltr'><strong>et</strong></span> <span class='ocrx_word' id='word_1_213' title='bbox 1358 3629 1493 3712; x_wconf 79' lang='lat' dir='ltr'><strong>physica</strong></span> 
     </span>
     <span class='ocr_line' id='line_1_28' title="bbox 298 3727 1492 3822; baseline 0.001 -19"><span class='ocrx_word' id='word_1_214' title='bbox 298 3736 532 3822; x_wconf 87' lang='lat' dir='ltr'><strong>praedicantur</strong></span> <span class='ocrx_word' id='word_1_215' title='bbox 556 3744 661 3822; x_wconf 87' lang='lat' dir='ltr'><strong>(capp.</strong></span> <span class='ocrx_word' id='word_1_216' title='bbox 678 3737 743 3822; x_wconf 91' lang='lat' dir='ltr'><strong>LI,</strong></span> <span class='ocrx_word' id='word_1_217' title='bbox 763 3738 856 3821; x_wconf 89' lang='lat' dir='ltr'><strong>LH.)</strong></span> <span class='ocrx_word' id='word_1_218' title='bbox 900 3737 979 3803; x_wconf 91' lang='lat' dir='ltr'><strong>Huc</strong></span> <span class='ocrx_word' id='word_1_219' title='bbox 1002 3738 1145 3821; x_wconf 81' lang='lat' dir='ltr'><strong>quadrat</strong></span> <span class='ocrx_word' id='word_1_220' title='bbox 1168 3739 1268 3804; x_wconf 85' lang='lat' dir='ltr'><strong>etiarn</strong></span> <span class='ocrx_word' id='word_1_221' title='bbox 1291 3738 1379 3822; x_wconf 88' lang='lat' dir='ltr'><strong>quod</strong></span> <span class='ocrx_word' id='word_1_222' title='bbox 1403 3727 1492 3822; x_wconf 79' lang='lat' dir='ltr'><strong>syco-</strong></span> 
     </span>
     <span class='ocr_line' id='line_1_29' title="bbox 299 3849 1493 3936; baseline 0.003 -22"><span class='ocrx_word' id='word_1_223' title='bbox 299 3870 412 3915; x_wconf 89' lang='lat' dir='ltr'><strong>morus</strong></span> <span class='ocrx_word' id='word_1_224' title='bbox 427 3871 531 3934; x_wconf 90' lang='lat' dir='ltr'><strong>prcpc</strong></span> <span class='ocrx_word' id='word_1_225' title='bbox 545 3851 734 3917; x_wconf 87' lang='lat' dir='ltr'><strong>Mataream</strong></span> <span class='ocrx_word' id='word_1_226' title='bbox 749 3871 870 3935; x_wconf 74' lang='lat' dir='ltr'><strong>pagum</strong></span> <span class='ocrx_word' id='word_1_227' title='bbox 891 3871 959 3916; x_wconf 87' lang='lat' dir='ltr'><strong>una</strong></span> <span class='ocrx_word' id='word_1_228' title='bbox 979 3872 1052 3915; x_wconf 90' lang='lat' dir='ltr'><strong>cum</strong></span> <span class='ocrx_word' id='word_1_229' title='bbox 1069 3849 1160 3915; x_wconf 85' lang='lat' dir='ltr'><strong>fonte</strong></span> <span class='ocrx_word' id='word_1_230' title='bbox 1185 3850 1240 3930; x_wconf 85' lang='lat' dir='ltr'><strong>(cs.</strong></span> <span class='ocrx_word' id='word_1_231' title='bbox 1256 3872 1325 3936; x_wconf 87' lang='lat' dir='ltr'><strong>cap.</strong></span> <span class='ocrx_word' id='word_1_232' title='bbox 1341 3850 1493 3935; x_wconf 89' lang='lat' dir='ltr'><strong>XXIV.)</strong></span> 
     </span>
     <span class='ocr_line' id='line_1_30' title="bbox 299 3962 1495 4046; baseline 0.001 -19"><span class='ocrx_word' id='word_1_233' title='bbox 299 3962 479 4027; x_wconf 88' lang='lat' dir='ltr'><strong>etiamnum</strong></span> <span class='ocrx_word' id='word_1_234' title='bbox 501 3962 536 4026; x_wconf 94' lang='lat' dir='ltr'><strong>in</strong></span> <span class='ocrx_word' id='word_1_235' title='bbox 559 3963 770 4028; x_wconf 85' lang='lat' dir='ltr'><strong>veneratione</strong></span> <span class='ocrx_word' id='word_1_236' title='bbox 792 3963 945 4046; x_wconf 88' lang='lat' dir='ltr'><strong>habetur,</strong></span> <span class='ocrx_word' id='word_1_237' title='bbox 967 3962 1152 4045; x_wconf 87' lang='lat' dir='ltr'><strong>etquidem</strong></span> <span class='ocrx_word' id='word_1_238' title='bbox 1176 3962 1495 4029; x_wconf 83' lang='lat' dir='ltr'><strong>aMohnmmedanis</strong></span> 
     </span>
     <span class='ocr_line' id='line_1_31' title="bbox 298 4071 1494 4157; baseline 0.002 -20"><span class='ocrx_word' id='word_1_239' title='bbox 298 4071 375 4138; x_wconf 86' lang='lat' dir='ltr'><strong>illas</strong></span> <span class='ocrx_word' id='word_1_240' title='bbox 397 4074 549 4156; x_wconf 86' lang='lat' dir='ltr'><strong>regiones</strong></span> <span class='ocrx_word' id='word_1_241' title='bbox 572 4073 789 4139; x_wconf 88' lang='lat' dir='ltr'><strong>incolentibus</strong></span> <span class='ocrx_word' id='word_1_242' title='bbox 811 4075 937 4157; x_wconf 89' lang='lat' dir='ltr'><strong>pariter</strong></span> <span class='ocrx_word' id='word_1_243' title='bbox 961 4079 1062 4156; x_wconf 87' lang='lat' dir='ltr'><strong>atquc</strong></span> <span class='ocrx_word' id='word_1_244' title='bbox 1085 4096 1105 4138; x_wconf 91' lang='lat' dir='ltr'><strong>a</strong></span> <span class='ocrx_word' id='word_1_245' title='bbox 1127 4072 1327 4140; x_wconf 82' lang='lat' dir='ltr'><strong>Christianis</strong></span> <span class='ocrx_word' id='word_1_246' title='bbox 1355 4078 1494 4140; x_wconf 85' lang='lat' dir='ltr'><strong>orienta-</strong></span> 
     </span>
     <span class='ocr_line' id='line_1_32' title="bbox 297 4181 1494 4268; baseline 0.002 -22"><span class='ocrx_word' id='word_1_247' title='bbox 297 4181 395 4248; x_wconf 88' lang='lat' dir='ltr'><strong>libus.</strong></span> <span class='ocrx_word' id='word_1_248' title='bbox 425 4182 513 4248; x_wconf 90' lang='lat' dir='ltr'><strong>Item</strong></span> <span class='ocrx_word' id='word_1_249' title='bbox 529 4182 616 4266; x_wconf 92' lang='lat' dir='ltr'><strong>quod</strong></span> <span class='ocrx_word' id='word_1_250' title='bbox 637 4185 795 4248; x_wconf 87' lang='lat' dir='ltr'><strong>memoria</strong></span> <span class='ocrx_word' id='word_1_251' title='bbox 815 4183 929 4266; x_wconf 91' lang='lat' dir='ltr'><strong>templi</strong></span> <span class='ocrx_word' id='word_1_252' title='bbox 952 4185 985 4247; x_wconf 93' lang='lat' dir='ltr'><strong>in</strong></span> <span class='ocrx_word' id='word_1_253' title='bbox 1002 4204 1066 4265; x_wconf 90' lang='lat' dir='ltr'><strong>qun</strong></span> <span class='ocrx_word' id='word_1_254' title='bbox 1083 4205 1238 4266; x_wconf 78' lang='lat' dir='ltr'><strong>magnum</strong></span> <span class='ocrx_word' id='word_1_255' title='bbox 1253 4185 1494 4268; x_wconf 78' lang='lat' dir='ltr'><strong>Acgyptiorum</strong></span> 
     </span>
    </p>
   </div>
   <div class='ocr_carea' id='block_1_6' title="bbox 300 4411 1494 4736">
    <p class='ocr_par' dir='ltr' id='par_1_6' title="bbox 300 4411 1493 4566">
     <span class='ocr_line' id='line_1_33' title="bbox 385 4411 1493 4480; baseline 0.004 -18"><span class='ocrx_word' id='word_1_256' title='bbox 385 4411 407 4477; x_wconf 88' lang='lat'><strong>1)</strong></span> <span class='ocrx_word' id='word_1_257' title='bbox 425 4413 482 4463; x_wconf 74' lang='lat' dir='ltr'><strong>Huc</strong></span> <span class='ocrx_word' id='word_1_258' title='bbox 506 4413 539 4464; x_wconf 83' lang='lat' dir='ltr'><strong>ds</strong></span> <span class='ocrx_word' id='word_1_259' title='bbox 563 4429 591 4464; x_wconf 84' lang='lat' dir='ltr'><strong>rs</strong></span> <span class='ocrx_word' id='word_1_260' title='bbox 614 4415 650 4463; x_wconf 82' lang='lat' dir='ltr'><strong>cf.</strong></span> <span class='ocrx_word' id='word_1_261' title='bbox 673 4415 760 4463; x_wconf 87' lang='lat' dir='ltr'><strong>locum</strong></span> <span class='ocrx_word' id='word_1_262' title='bbox 785 4414 989 4465; x_wconf 84' lang='lat' dir='ltr'><strong>disertissimum</strong></span> <span class='ocrx_word' id='word_1_263' title='bbox 1013 4416 1041 4465; x_wconf 91' lang='lat' dir='ltr'><strong>in</strong></span> <span class='ocrx_word' id='word_1_264' title='bbox 1065 4415 1138 4480; x_wconf 80' lang='lat' dir='ltr'><strong>Orig.</strong></span> <span class='ocrx_word' id='word_1_265' title='bbox 1157 4416 1312 4480; x_wconf 83' lang='lat' dir='ltr'><strong>Plrilosoph.</strong></span> <span class='ocrx_word' id='word_1_266' title='bbox 1336 4416 1377 4466; x_wconf 84' lang='lat' dir='ltr'><strong>sd.</strong></span> <span class='ocrx_word' id='word_1_267' title='bbox 1396 4417 1493 4467; x_wconf 78' lang='lat' dir='ltr'><strong>Miller.</strong></span> 
     </span>
     <span class='ocr_line' id='line_1_34' title="bbox 300 4495 932 4566; baseline 0.003 -17"><span class='ocrx_word' id='word_1_268' title='bbox 300 4499 385 4550; x_wconf 71' lang='lat' dir='ltr'><strong>Onon.</strong></span> <span class='ocrx_word' id='word_1_269' title='bbox 406 4500 481 4552; x_wconf 76' lang='lat'><strong>1851.</strong></span> <span class='ocrx_word' id='word_1_270' title='bbox 504 4500 708 4566; x_wconf 64' lang='grc' dir='ltr'><strong>ρις.2051ᾳᾳ.</strong></span> <span class='ocrx_word' id='word_1_271' title='bbox 929 4495 932 4501; x_wconf 80' lang='grc'><strong>’</strong></span> 
     </span>
    </p>

    <p class='ocr_par' dir='ltr' id='par_1_7' title="bbox 300 4579 1494 4736">
     <span class='ocr_line' id='line_1_35' title="bbox 386 4579 1494 4652; baseline 0.004 -18"><span class='ocrx_word' id='word_1_272' title='bbox 386 4579 410 4648; x_wconf 79' lang='lat'><strong>²)</strong></span> <span class='ocrx_word' id='word_1_273' title='bbox 430 4583 470 4634; x_wconf 77' lang='lat' dir='ltr'><strong>Ad</strong></span> <span class='ocrx_word' id='word_1_274' title='bbox 488 4584 558 4642; x_wconf 69' lang='lat' dir='ltr'><strong>hunc</strong></span> <span class='ocrx_word' id='word_1_275' title='bbox 576 4584 609 4635; x_wconf 80' lang='lat' dir='ltr'><strong>de</strong></span> <span class='ocrx_word' id='word_1_276' title='bbox 628 4589 725 4635; x_wconf 70' lang='lat' dir='ltr'><strong>netur·</strong></span> <span class='ocrx_word' id='word_1_277' title='bbox 742 4586 876 4651; x_wconf 73' lang='lat' dir='ltr'><strong>evengelii</strong></span> <span class='ocrx_word' id='word_1_278' title='bbox 896 4586 1089 4652; x_wconf 81' lang='lat' dir='ltr'><strong>expositionem</strong></span> <span class='ocrx_word' id='word_1_279' title='bbox 1109 4601 1198 4637; x_wconf 82' lang='lat' dir='ltr'><strong>rursus</strong></span> <span class='ocrx_word' id='word_1_280' title='bbox 1217 4586 1385 4638; x_wconf 71' lang='lat' dir='ltr'><strong>adhibuimus</strong></span> <span class='ocrx_word' id='word_1_281' title='bbox 1398 4587 1494 4640; x_wconf 83' lang='lat' dir='ltr'><strong>disser-</strong></span> 
     </span>
     <span class='ocr_line' id='line_1_36' title="bbox 300 4667 821 4736; baseline 0.006 -18"><span class='ocrx_word' id='word_1_282' title='bbox 300 4667 431 4720; x_wconf 77' lang='lat' dir='ltr'><strong>tntionsm</strong></span> <span class='ocrx_word' id='word_1_283' title='bbox 451 4673 569 4720; x_wconf 74' lang='lat' dir='ltr'><strong>nostram</strong></span> <span class='ocrx_word' id='word_1_284' title='bbox 586 4668 724 4736; x_wconf 75' lang='lat' dir='ltr'><strong>Hegsnnm</strong></span> <span class='ocrx_word' id='word_1_285' title='bbox 748 4667 762 4732; x_wconf 82' lang='lat'>§</span> <span class='ocrx_word' id='word_1_286' title='bbox 781 4672 821 4722; x_wconf 91' lang='lat'><strong>10.</strong></span> 
     </span>
    </p>
   </div>
   <div class='ocr_carea' id='block_1_7' title="bbox 971 4730 1000 4787">
    <p class='ocr_par' dir='ltr' id='par_1_8' title="bbox 971 4730 1000 4787">
     <span class='ocr_line' id='line_1_37' title="bbox 971 4730 1000 4787; baseline 0 0"><span class='ocrx_word' id='word_1_287' title='bbox 971 4730 1000 4787; x_wconf 58' lang='grc' dir='ltr'>ἱ</span> 
     </span>
    </p>
   </div>
   <div class='ocr_carea' id='block_1_8' title="bbox 0 0 1748 5640">
    <p class='ocr_par' dir='ltr' id='par_1_9' title="bbox 0 0 1748 5640">
     <span class='ocr_line' id='line_1_38' title="bbox 0 0 1748 5640; baseline 0 0"><span class='ocrx_word' id='word_1_288' title='bbox 0 0 1748 5640; x_wconf 95' lang='lat' dir='ltr'><strong> </strong></span> 
     </span>
    </p>
   </div>
  </div>
 </body>
</html>
