3458 5640
673 585 676 596 '
733 608 1006 717 nsopneounm.
1360 583 1472 673 m'u

269 803 275 812 -
328 778 349 822 n
377 757 397 823 i.
413 778 440 823 e.
455 755 678 841 Taurinensis,
703 759 797 824 cuius
820 764 947 825 textum
964 757 1062 825 Ferd.
1077 758 1167 825 Flor.
1182 757 1289 825 Fieck
1311 760 1345 825 in
1360 759 1470 826 Aneo-

377 869 465 936 dotis
488 871 556 937 suis
582 873 673 937 1831.
696 892 726 955 p.
745 872 814 937 143.
837 870 950 938 edidit.
1022 897 1026 906 ·

328 1001 346 1048 c
378 984 397 1048 i.
413 1005 439 1049 e.
455 983 574 1050 Venet.
590 983 751 1050 Marcion.
767 984 1144 1067 3133311331111111,
1161 985 1284 1052 3333311
1299 984 1368 1053 fere
1384 984 1469 1052 XII.

377 1095 419 1160 In
441 1096 534 1162 codd.
548 1095 715 1161 Nenienis
730 1103 781 1161 est
795 1118 883 1162 num.
898 1096 1045 1181 LXIII.
1064 1097 1103 1163 cf.
1115 1096 1264 1181 Ostslog.
1279 1119 1309 1181 p.
1322 1100 1391 1163 103.
1408 1097 1469 1164 331)

376 1206 481 1271 XXI.
517 1205 639 1272 Totum
662 1213 790 1272 textum
813 1207 1052 1290 descripsimus.

327 1337 349 1380 3
377 1318 397 1381 1.
413 1338 439 1382 e.
462 1319 569 1384 Paris.
594 1321 693 1398 1010,
717 1339 814 1401 quem
838 1318 979 1382 contulit
1001 1318 1112 1387 Thilo.

327 1449 349 1493 3
376 1429 396 1493 1.
418 1451 444 1495 3.
467 1429 574 1495 Paris.
600 1432 689 1494 1331.
718 1428 804 1495 unde
832 1430 960 1513 aliquot
983 1430 1141 1496 lectiones
1163 1452 1184 1496 s
1205 1429 1348 1496 (Philone
1372 1435 1466 1496 note·

377 1547 432 1608 tce
455 1548 540 1608 sunt.

541 1741 681 1808 xum.
724 1693 996 1810 Pnennosis
1024 1741 1198 1809 rmum.

357 1878 474 1945 Edidit
503 1878 717 1946 Birchius
749 1882 782 1945 in
815 1881 977 1946 Auctario
1009 1903 1067 1946 suo
1101 1902 1118 1948 e
1151 1880 1262 1947 codice
1294 1879 1369 1947 Par.
1398 1884 1469 1948 110.

272 2011 358 2055 suno
385 1993 476 2057 1315.
498 1996 647 2074 exarato,
670 1991 709 2058 de
733 1992 888 2075 quoiam
912 1991 1062 2056 diximus.
1106 1992 1235 2058 Birchii
1258 1997 1400 2075 textum,
1429 2015 1470 2058 ex

272 2102 376 2167 altero
398 2102 581 2169 Parisiensi
604 2103 715 2169 codice
738 2126 826 2168 num.
848 2107 919 2168 029.
943 2103 1064 2187 passim
1089 2108 1289 2188 correctum,
1318 2104 1373 2169 sed
1397 2104 1470 2170 obs-

273 2234 337 2296 que
360 2217 595 2282 commentario
618 2216 754 2301 repetiit
776 2215 902 2282 Thilo.
947 2215 1074 2282 Nobis
1099 2216 1246 2300 quinque
1271 2214 1469 2282 documenta

273 2325 314 2393 ad
337 2348 452 2394 manus
475 2333 577 2394 erent.

329 2460 351 2505 1
378 2441 397 2504 i.
414 2461 440 2505 e.
463 2440 661 2506 Parisiensis
684 2462 705 2505 3
726 2438 862 2506 Birchio
888 2444 921 2505 et
943 2440 1085 2506 Thilone
1109 2439 1225 2506 editus.

328 2572 349 2618 3
376 2553 396 2616 1.
413 2573 438 2618 3.
459 2552 565 2618 Paris.
575 2552 646 2618 020.
662 2573 746 2618 saec.
757 2551 835 2621 XV.
852 2552 944 2618 cuius
960 2557 1087 2618 textum
1103 2557 1211 2618 totum
1226 2551 1468 2636 descripsimus.

329 2684 347 2731 c
378 2665 397 2731 i.
414 2687 440 2731 e.
456 2666 700 2732 Ambrosianus
716 2666 745 2730 Ε
765 2668 825 2731 100
840 2665 918 2749 Sup.
943 2664 1066 2732 Deficit
1082 2666 1226 2731 sectione
1243 2669 1345 2730 sexta.
1369 2664 1468 2750 Quic-

378 2776 457 2860 quid
479 2777 629 2842 continet
651 2776 890 2860 descripsimus.

328 2908 350 2954 3
378 2888 592 2956 1311313113.
610 2893 688 2971 111,
711 2912 740 2956 3.
759 2891 848 2957 1332.
872 2889 1023 2974 scriptus.
1067 2888 1209 2955 Textum
1225 2887 1465 2973 descripsimus,

378 3004 435 3087 qui
458 3003 571 3068 finitur
593 3003 740 3070 sectione
764 3008 792 3069 0.
837 3003 922 3073 Vide
945 3003 1227 3069 commentarium.

329 3136 351 3180 3
380 3115 398 3179 1.
415 3137 441 3182 3.
459 3116 578 3183 Venet.
594 3116 697 3182 Marc.
721 3117 813 3182 31333.
828 3114 876 3182 Π.
900 3138 986 3182 num.
1002 3114 1119 3181 XLII.
1143 3115 1267 3181 saeculi
1290 3115 1357 3181 fere
1380 3114 1466 3181 XII.

378 3225 499 3291 Totum
522 3232 650 3293 textum
672 3227 965 3312 transscripsimus.

356 3337 537 3403 Praeterea
565 3361 604 3404 ex
626 3339 811 3405 Harloiano
835 3342 942 3420 5636„
972 3340 1011 3402 de
1035 3360 1099 3421 quo
1125 3338 1222 3404 modo
1245 3337 1399 3417 vidimus,
1427 3359 1467 3403 eo

273 3446 393 3528 quibus
415 3446 463 3511 ibi
485 3449 633 3513 narratio
656 3448 769 3512 finitur
793 3449 991 3513 notavimus:
1015 3452 1064 3510 καὶ
1088 3440 1196 3532 ωάλιμ
1221 3448 1320 3512 ἔθετο
1345 3447 1466 3512 ὂΙ<3ῖ-
1525 3444 1531 3459 “

273 3579 337 3638 cup
368 3557 414 3639 ἑρ.
438 3580 479 3619 ω.
511 3554 564 3642 τῷ
599 3550 758 3641 Πιλάτῳ,
795 3563 844 3621 καὶ
877 3558 1005 3621 κελεύει
1038 3595 1053 3607 -
1078 3596 1093 3607 -
1124 3557 1184 3642 τὸμ
1216 3569 1293 3643 λεγ.
1318 3551 1465 3644 Χριστόμ

272 3667 452 3748 (consentit
482 3691 556 3734 cum
588 3674 701 3736 nostro
733 3675 857 3755 textu),
895 3667 1002 3734 οὗτοσ
1040 3669 1169 3755 ὁμοίωσ
1207 3673 1368 3736 mesum.
1401 3665 1467 3735 uic

270 3804 356 3844 σωτ.
381 3773 675 3866 ἆωοτευῑάμεμοσ.
720 3781 806 3848 Vide
830 3783 1008 3872 sectionem
1032 3785 1061 3848 8.

252 3932 258 3945 ·
354 3892 445 3958 Loco
468 3893 565 3959 huius
588 3894 1088 3978 33131133131313311313333113
1110 3896 1210 3960 etiam
1234 3916 1466 3978 responsum

270 4003 426 4078 Tiberii
459 4003 499 4069 ad
530 4004 692 4084 Pilatum,
725 4004 813 4087 quod
844 4004 999 4069 Birchius
1031 4004 1324 4071 o'Vindobonensi
1355 4003 1466 4070 codice

270 4112 414 4179 Nesselii
436 4117 508 4180 246.
536 4114 638 4179 edidit
664 4115 697 4179 in
721 4115 884 4179 Auctario
908 4137 968 4181 suo
995 4137 1068 4199 pag.
1094 4118 1176 4180 1120
1200 4137 1260 4197 sq,
1289 4136 1467 4198 rursusque

272 4224 508 4290 eTourinensi
534 4224 691 4291 Fleckius
722 4226 756 4289 in
779 4225 964 4292 Anecdotis
995 4247 1067 4309 pag.
1094 4227 1153 4291 145
1182 4247 1253 4308 sqq.
1305 4226 1389 4291 Post
1418 4227 1466 4291 in·

270 4336 480 4420 scriptionem
514 4337 561 4419 (in
590 4336 747 4420 Vindob.)
786 4335 843 4402 Τὰ
877 4336 1129 4424 ἆμτιγραῲε-’μτα
1160 4337 1258 4422 ωαρὰ
1290 4338 1467 4424 Ι<31σαροσ

270 4440 476 4536 Αὐγούστου
499 4456 559 4516 etc.
591 4451 708 4536 incipit
729 4443 954 4536 ‘Gmerdrimep
979 4454 1082 4536 ssiurop
1106 4455 1155 4515 κα1
1180 4450 1306 4516 dorsum
1330 4451 1465 4537 μεστόμ.

271 4562 404 4629 Finitus
436 4568 485 4627 καὶ
518 4565 569 4629 διὰ
600 4559 667 4630 mic
699 4561 796 4632 dusiis
828 4565 869 4630 τὸ
901 4568 1009 4630 Βέλοσ
1041 4563 1200 4650 εἷσελθὸμ
1228 4565 1288 4650 τὸμ
1318 4565 1465 4651 Πιλάτομ

275 4668 438 4762 ἃμιὶρκσεμ
463 4676 620 4760 (Vindob.
641 4680 697 4763 pia
718 4679 818 4745 verbe.
840 4678 933 4744 addit
956 4670 1095 4763 Πάμτεσ
1118 4679 1155 4741 δὲ
1178 4663 1466 4764 ωιστεύομτεσᾎ-
