<?xml version="1.0" encoding="UTF-8"?>
<!DOCTYPE html PUBLIC "-//W3C//DTD XHTML 1.0 Transitional//EN"
    "http://www.w3.org/TR/xhtml1/DTD/xhtml1-transitional.dtd">
<html xmlns="http://www.w3.org/1999/xhtml" xml:lang="en" lang="en">
 <head>
  <title>
</title>
<meta http-equiv="Content-Type" content="text/html;charset=utf-8" />
  <meta name='ocr-system' content='tesseract 3.04.00' />
  <meta name='ocr-capabilities' content='ocr_page ocr_carea ocr_par ocr_line ocrx_word'/>
</head>
<body>
  <div class='ocr_page' id='page_1' title='image "./evangeliaapocry02tiscgoog_0229.png"; bbox 0 0 3458 5640; ppageno 0'>
   <div class='ocr_carea' id='block_1_1' title="bbox 383 639 1481 707">
    <p class='ocr_par' dir='ltr' id='par_1_1' title="bbox 383 639 1481 707">
     <span class='ocr_line' id='line_1_1' title="bbox 383 639 1481 707; baseline 0.006 -18"><span class='ocrx_word' id='word_1_1' title='bbox 383 639 716 693; x_wconf 66' lang='lat' dir='ltr'>Peenno-usurum</span> <span class='ocrx_word' id='word_1_2' title='bbox 735 645 975 696; x_wconf 76' lang='lat' dir='ltr'>uvuuuumuu.</span> <span class='ocrx_word' id='word_1_3' title='bbox 1003 643 1077 694; x_wconf 76' lang='lat' dir='ltr'>CAP.</span> <span class='ocrx_word' id='word_1_4' title='bbox 1097 643 1245 694; x_wconf 82' lang='lat' dir='ltr'>xxxvm.</span> <span class='ocrx_word' id='word_1_5' title='bbox 1266 645 1384 698; x_wconf 74' lang='lat' dir='ltr'>xxm.</span> <span class='ocrx_word' id='word_1_6' title='bbox 1421 644 1481 707; x_wconf 73' lang='lat'>107</span> 
     </span>
    </p>
   </div>
   <div class='ocr_carea' id='block_1_2' title="bbox 702 844 1064 912">
    <p class='ocr_par' dir='ltr' id='par_1_2' title="bbox 702 844 1064 912">
     <span class='ocr_line' id='line_1_2' title="bbox 702 844 1064 912; baseline -0.006 0"><span class='ocrx_word' id='word_1_7' title='bbox 702 844 822 912; x_wconf 82' lang='lat' dir='ltr'>Curur</span> <span class='ocrx_word' id='word_1_8' title='bbox 845 844 1064 912; x_wconf 89' lang='lat' dir='ltr'><strong>XXXVIII.</strong></span> 
     </span>
    </p>
   </div>
   <div class='ocr_carea' id='block_1_3' title="bbox 284 964 1488 2680">
    <p class='ocr_par' dir='ltr' id='par_1_3' title="bbox 284 964 1488 1771">
     <span class='ocr_line' id='line_1_3' title="bbox 372 964 1483 1052; baseline 0.005 -24"><span class='ocrx_word' id='word_1_9' title='bbox 372 964 544 1030; x_wconf 84' lang='lat' dir='ltr'>¹Factum</span> <span class='ocrx_word' id='word_1_10' title='bbox 567 973 621 1030; x_wconf 87' lang='lat' dir='ltr'>est</span> <span class='ocrx_word' id='word_1_11' title='bbox 642 966 796 1035; x_wconf 89' lang='lat' dir='ltr'>secundo</span> <span class='ocrx_word' id='word_1_12' title='bbox 819 973 858 1032; x_wconf 90' lang='lat' dir='ltr'>ut</span> <span class='ocrx_word' id='word_1_13' title='bbox 878 966 1008 1050; x_wconf 90' lang='lat' dir='ltr'>Ioseph</span> <span class='ocrx_word' id='word_1_14' title='bbox 1033 974 1069 1032; x_wconf 91' lang='lat' dir='ltr'>et</span> <span class='ocrx_word' id='word_1_15' title='bbox 1090 965 1205 1032; x_wconf 80' lang='lat' dir='ltr'>Mario</span> <span class='ocrx_word' id='word_1_16' title='bbox 1229 976 1437 1052; x_wconf 77' lang='lat' dir='ltr'>rogarentur</span> <span class='ocrx_word' id='word_1_17' title='bbox 1463 991 1483 1034; x_wconf 83' lang='lat' dir='ltr'>a</span> 
     </span>
     <span class='ocr_line' id='line_1_4' title="bbox 285 1067 1488 1152; baseline 0.006 -22"><span class='ocrx_word' id='word_1_18' title='bbox 285 1067 414 1150; x_wconf 91' lang='lat' dir='ltr'>populo</span> <span class='ocrx_word' id='word_1_19' title='bbox 436 1074 475 1132; x_wconf 90' lang='lat' dir='ltr'>ut</span> <span class='ocrx_word' id='word_1_20' title='bbox 490 1068 591 1134; x_wconf 87' lang='lat' dir='ltr'>Iesus</span> <span class='ocrx_word' id='word_1_21' title='bbox 609 1069 795 1136; x_wconf 84' lang='lat' dir='ltr'>doceretur</span> <span class='ocrx_word' id='word_1_22' title='bbox 816 1071 943 1136; x_wconf 87' lang='lat' dir='ltr'>littoris</span> <span class='ocrx_word' id='word_1_23' title='bbox 966 1072 1000 1134; x_wconf 90' lang='lat' dir='ltr'>in</span> <span class='ocrx_word' id='word_1_24' title='bbox 1018 1069 1148 1136; x_wconf 88' lang='lat' dir='ltr'>schola.</span> <span class='ocrx_word' id='word_1_25' title='bbox 1186 1068 1288 1152; x_wconf 81' lang='lat' dir='ltr'>Quod</span> <span class='ocrx_word' id='word_1_26' title='bbox 1310 1076 1345 1136; x_wconf 84' lang='lat' dir='ltr'>et</span> <span class='ocrx_word' id='word_1_27' title='bbox 1366 1071 1488 1137; x_wconf 83' lang='lat' dir='ltr'>facere&#39;</span> 
     </span>
     <span class='ocr_line' id='line_1_5' title="bbox 287 1172 1484 1257; baseline 0.007 -25"><span class='ocrx_word' id='word_1_28' title='bbox 287 1189 353 1234; x_wconf 91' lang='lat' dir='ltr'>non</span> <span class='ocrx_word' id='word_1_29' title='bbox 372 1179 596 1254; x_wconf 77' lang='lat' dir='ltr'>negaverunt,</span> <span class='ocrx_word' id='word_1_30' title='bbox 615 1180 650 1237; x_wconf 85' lang='lat' dir='ltr'>et</span> <span class='ocrx_word' id='word_1_31' title='bbox 666 1173 855 1238; x_wconf 87' lang='lat' dir='ltr'>secundum</span> <span class='ocrx_word' id='word_1_32' title='bbox 872 1179 1097 1257; x_wconf 83' lang='lat' dir='ltr'>praeceptum</span> <span class='ocrx_word' id='word_1_33' title='bbox 1114 1172 1290 1238; x_wconf 86' lang='lat' dir='ltr'>seniorum</span> <span class='ocrx_word' id='word_1_34' title='bbox 1307 1174 1484 1240; x_wconf 80' lang='lat' dir='ltr'>ducebant</span> 
     </span>
     <span class='ocr_line' id='line_1_6' title="bbox 286 1272 1484 1355; baseline 0.009 -26"><span class='ocrx_word' id='word_1_35' title='bbox 286 1292 361 1333; x_wconf 88' lang='lat' dir='ltr'>oum</span> <span class='ocrx_word' id='word_1_36' title='bbox 384 1272 426 1334; x_wconf 83' lang='lat' dir='ltr'>ad</span> <span class='ocrx_word' id='word_1_37' title='bbox 447 1275 651 1355; x_wconf 69' lang='lat' dir='ltr'>mugmtrum</span> <span class='ocrx_word' id='word_1_38' title='bbox 673 1281 711 1338; x_wconf 93' lang='lat' dir='ltr'>ut</span> <span class='ocrx_word' id='word_1_39' title='bbox 733 1275 918 1339; x_wconf 73' lang='lat' dir='ltr'><strong>doceretur</strong></span> <span class='ocrx_word' id='word_1_40' title='bbox 937 1275 980 1338; x_wconf 80' lang='lat' dir='ltr'>nb</span> <span class='ocrx_word' id='word_1_41' title='bbox 1005 1296 1045 1338; x_wconf 84' lang='lat' dir='ltr'>oo</span> <span class='ocrx_word' id='word_1_42' title='bbox 1070 1275 1218 1339; x_wconf 81' lang='lat' dir='ltr'>scientia</span> <span class='ocrx_word' id='word_1_43' title='bbox 1239 1274 1399 1340; x_wconf 82' lang='lat' dir='ltr'>humana.</span> <span class='ocrx_word' id='word_1_44' title='bbox 1435 1277 1484 1340; x_wconf 81' lang='lat' dir='ltr'>Et</span> 
     </span>
     <span class='ocr_line' id='line_1_7' title="bbox 286 1374 1483 1458; baseline 0.005 -23"><span class='ocrx_word' id='word_1_45' title='bbox 286 1379 368 1436; x_wconf 93' lang='lat' dir='ltr'>tunc</span> <span class='ocrx_word' id='word_1_46' title='bbox 394 1376 511 1457; x_wconf 85' lang='lat' dir='ltr'>coepit</span> <span class='ocrx_word' id='word_1_47' title='bbox 535 1377 702 1457; x_wconf 79' lang='lat' dir='ltr'>magister</span> <span class='ocrx_word' id='word_1_48' title='bbox 732 1376 916 1458; x_wconf 82' lang='lat' dir='ltr'>imperiose</span> <span class='ocrx_word' id='word_1_49' title='bbox 950 1397 1027 1439; x_wconf 88' lang='lat' dir='ltr'>oum</span> <span class='ocrx_word' id='word_1_50' title='bbox 1053 1375 1177 1439; x_wconf 88' lang='lat' dir='ltr'>docere</span> <span class='ocrx_word' id='word_1_51' title='bbox 1204 1374 1367 1442; x_wconf 87' lang='lat' dir='ltr'>diceudo:</span> <span class='ocrx_word' id='word_1_52' title='bbox 1413 1375 1483 1441; x_wconf 91' lang='lat' dir='ltr'>Dic</span> 
     </span>
     <span class='ocr_line' id='line_1_8' title="bbox 284 1471 1481 1560; baseline 0.005 -23"><span class='ocrx_word' id='word_1_53' title='bbox 284 1471 411 1558; x_wconf 82' lang='lat' dir='ltr'>Alphe.</span> <span class='ocrx_word' id='word_1_54' title='bbox 443 1475 544 1542; x_wconf 87' lang='lat' dir='ltr'>Iesus</span> <span class='ocrx_word' id='word_1_55' title='bbox 561 1498 641 1542; x_wconf 76' lang='lat' dir='ltr'>vero</span> <span class='ocrx_word' id='word_1_56' title='bbox 659 1476 747 1543; x_wconf 80' lang='lat' dir='ltr'><strong>dixit</strong></span> <span class='ocrx_word' id='word_1_57' title='bbox 763 1478 810 1542; x_wconf 88' lang='lat' dir='ltr'>ei:</span> <span class='ocrx_word' id='word_1_58' title='bbox 835 1476 888 1542; x_wconf 82' lang='lat' dir='ltr'>Tu</span> <span class='ocrx_word' id='word_1_59' title='bbox 906 1478 990 1542; x_wconf 80' lang='lat' dir='ltr'>milri</span> <span class='ocrx_word' id='word_1_60' title='bbox 1007 1477 1063 1541; x_wconf 91' lang='lat' dir='ltr'>dic</span> <span class='ocrx_word' id='word_1_61' title='bbox 1079 1476 1176 1559; x_wconf 86' lang='lat' dir='ltr'>prius</span> <span class='ocrx_word' id='word_1_62' title='bbox 1194 1476 1277 1560; x_wconf 88' lang='lat' dir='ltr'>quid</span> <span class='ocrx_word' id='word_1_63' title='bbox 1295 1478 1342 1542; x_wconf 88' lang='lat' dir='ltr'>sit</span> <span class='ocrx_word' id='word_1_64' title='bbox 1356 1477 1481 1560; x_wconf 84' lang='lat' dir='ltr'>Bothe,</span> 
     </span>
     <span class='ocr_line' id='line_1_9' title="bbox 285 1579 1481 1666; baseline 0.005 -25"><span class='ocrx_word' id='word_1_65' title='bbox 285 1583 321 1642; x_wconf 90' lang='lat' dir='ltr'>ct</span> <span class='ocrx_word' id='word_1_66' title='bbox 343 1582 405 1663; x_wconf 83' lang='lat' dir='ltr'>ogo</span> <span class='ocrx_word' id='word_1_67' title='bbox 424 1579 536 1645; x_wconf 82' lang='lat' dir='ltr'>dicem</span> <span class='ocrx_word' id='word_1_68' title='bbox 553 1579 617 1645; x_wconf 89' lang='lat' dir='ltr'>tibi</span> <span class='ocrx_word' id='word_1_69' title='bbox 636 1581 719 1665; x_wconf 89' lang='lat' dir='ltr'>quid</span> <span class='ocrx_word' id='word_1_70' title='bbox 736 1582 782 1648; x_wconf 88' lang='lat' dir='ltr'>sit</span> <span class='ocrx_word' id='word_1_71' title='bbox 798 1581 924 1666; x_wconf 84' lang='lat' dir='ltr'>Alphe.</span> <span class='ocrx_word' id='word_1_72' title='bbox 963 1581 1010 1645; x_wconf 83' lang='lat' dir='ltr'>Et</span> <span class='ocrx_word' id='word_1_73' title='bbox 1031 1580 1073 1646; x_wconf 93' lang='lat' dir='ltr'>ob</span> <span class='ocrx_word' id='word_1_74' title='bbox 1097 1580 1162 1647; x_wconf 90' lang='lat' dir='ltr'>hoc</span> <span class='ocrx_word' id='word_1_75' title='bbox 1184 1580 1350 1665; x_wconf 79' lang='lat' dir='ltr'>magister</span> <span class='ocrx_word' id='word_1_76' title='bbox 1370 1581 1481 1648; x_wconf 83' lang='lat' dir='ltr'>iratus</span> 
     </span>
     <span class='ocr_line' id='line_1_10' title="bbox 285 1683 1481 1771; baseline 0.004 -24"><span class='ocrx_word' id='word_1_77' title='bbox 285 1683 596 1767; x_wconf 82' lang='lat' dir='ltr'>percussitlesum,</span> <span class='ocrx_word' id='word_1_78' title='bbox 615 1690 650 1751; x_wconf 90' lang='lat' dir='ltr'>ot</span> <span class='ocrx_word' id='word_1_79' title='bbox 665 1707 742 1752; x_wconf 84' lang='lat' dir='ltr'>mox</span> <span class='ocrx_word' id='word_1_80' title='bbox 759 1692 942 1771; x_wconf 83' lang='lat' dir='ltr'>postqumu</span> <span class='ocrx_word' id='word_1_81' title='bbox 959 1685 1134 1771; x_wconf 82' lang='lat' dir='ltr'>percussit</span> <span class='ocrx_word' id='word_1_82' title='bbox 1151 1691 1400 1753; x_wconf 81' lang='lat' dir='ltr'>commortuus</span> <span class='ocrx_word' id='word_1_83' title='bbox 1418 1691 1481 1754; x_wconf 86' lang='lat' dir='ltr'>est.</span> 
     </span>
    </p>

    <p class='ocr_par' dir='ltr' id='par_1_4' title="bbox 285 1789 1482 2680">
     <span class='ocr_line' id='line_1_11' title="bbox 370 1789 1482 1885; baseline 0.003 -31"><span class='ocrx_word' id='word_1_84' title='bbox 370 1789 445 1856; x_wconf 81' lang='lat' dir='ltr'>’Et</span> <span class='ocrx_word' id='word_1_85' title='bbox 460 1789 561 1856; x_wconf 89' lang='lat' dir='ltr'>Iesus</span> <span class='ocrx_word' id='word_1_86' title='bbox 579 1812 735 1857; x_wconf 80' lang='lat' dir='ltr'>reversus</span> <span class='ocrx_word' id='word_1_87' title='bbox 753 1797 806 1857; x_wconf 88' lang='lat' dir='ltr'>est</span> <span class='ocrx_word' id='word_1_88' title='bbox 822 1791 865 1856; x_wconf 83' lang='lat' dir='ltr'>ad</span> <span class='ocrx_word' id='word_1_89' title='bbox 882 1796 1025 1857; x_wconf 81' lang='lat' dir='ltr'>matrem</span> <span class='ocrx_word' id='word_1_90' title='bbox 1043 1813 1139 1885; x_wconf 87' lang='lat' dir='ltr'>sunm</span> <span class='ocrx_word' id='word_1_91' title='bbox 1157 1789 1305 1856; x_wconf 89' lang='lat' dir='ltr'>domum.</span> <span class='ocrx_word' id='word_1_92' title='bbox 1341 1790 1482 1858; x_wconf 78' lang='lat' dir='ltr'>Timone</span> 
     </span>
     <span class='ocr_line' id='line_1_12' title="bbox 285 1892 1481 1978; baseline 0.003 -22"><span class='ocrx_word' id='word_1_93' title='bbox 285 1898 401 1958; x_wconf 84' lang='lat' dir='ltr'>autem</span> <span class='ocrx_word' id='word_1_94' title='bbox 420 1892 550 1978; x_wconf 89' lang='lat' dir='ltr'>Ioseph</span> <span class='ocrx_word' id='word_1_95' title='bbox 571 1895 705 1960; x_wconf 81' lang='lat' dir='ltr'>vocavit</span> <span class='ocrx_word' id='word_1_96' title='bbox 723 1894 869 1960; x_wconf 83' lang='lat' dir='ltr'>Mariam</span> <span class='ocrx_word' id='word_1_97' title='bbox 895 1894 939 1959; x_wconf 83' lang='lat' dir='ltr'>ud</span> <span class='ocrx_word' id='word_1_98' title='bbox 965 1916 1001 1960; x_wconf 87' lang='lat' dir='ltr'>se</span> <span class='ocrx_word' id='word_1_99' title='bbox 1028 1901 1063 1959; x_wconf 90' lang='lat' dir='ltr'>ct</span> <span class='ocrx_word' id='word_1_100' title='bbox 1084 1893 1172 1958; x_wconf 86' lang='lat' dir='ltr'>dixit</span> <span class='ocrx_word' id='word_1_101' title='bbox 1198 1895 1243 1958; x_wconf 91' lang='lat' dir='ltr'>ei:</span> <span class='ocrx_word' id='word_1_102' title='bbox 1274 1892 1366 1960; x_wconf 84' lang='lat' dir='ltr'>Vere</span> <span class='ocrx_word' id='word_1_103' title='bbox 1392 1895 1481 1959; x_wconf 82' lang='lat' dir='ltr'>scies</span> 
     </span>
     <span class='ocr_line' id='line_1_13' title="bbox 286 1995 1481 2081; baseline 0.002 -22"><span class='ocrx_word' id='word_1_104' title='bbox 286 1995 369 2078; x_wconf 87' lang='lat' dir='ltr'>quia</span> <span class='ocrx_word' id='word_1_105' title='bbox 388 1997 499 2062; x_wconf 88' lang='lat' dir='ltr'>tristis</span> <span class='ocrx_word' id='word_1_106' title='bbox 523 2002 576 2063; x_wconf 87' lang='lat' dir='ltr'>est</span> <span class='ocrx_word' id='word_1_107' title='bbox 597 1998 712 2063; x_wconf 79' lang='lat' dir='ltr'>anima</span> <span class='ocrx_word' id='word_1_108' title='bbox 727 2020 803 2063; x_wconf 85' lang='lat' dir='ltr'>mea</span> <span class='ocrx_word' id='word_1_109' title='bbox 821 2020 929 2081; x_wconf 85' lang='lat' dir='ltr'>usque</span> <span class='ocrx_word' id='word_1_110' title='bbox 953 1996 996 2062; x_wconf 85' lang='lat' dir='ltr'>nd</span> <span class='ocrx_word' id='word_1_111' title='bbox 1014 2003 1159 2061; x_wconf 86' lang='lat' dir='ltr'>mortem</span> <span class='ocrx_word' id='word_1_112' title='bbox 1175 2002 1320 2079; x_wconf 91' lang='lat' dir='ltr'>propter</span> <span class='ocrx_word' id='word_1_113' title='bbox 1335 2018 1481 2080; x_wconf 87' lang='lat' dir='ltr'>puerum</span> 
     </span>
     <span class='ocr_line' id='line_1_14' title="bbox 287 2097 1481 2184; baseline 0.003 -23"><span class='ocrx_word' id='word_1_114' title='bbox 287 2097 402 2163; x_wconf 88' lang='lat' dir='ltr'>istum.</span> <span class='ocrx_word' id='word_1_115' title='bbox 450 2099 546 2166; x_wconf 84' lang='lat' dir='ltr'>Fieri</span> <span class='ocrx_word' id='word_1_116' title='bbox 570 2102 661 2166; x_wconf 87' lang='lat' dir='ltr'>enim</span> <span class='ocrx_word' id='word_1_117' title='bbox 682 2107 800 2184; x_wconf 90' lang='lat' dir='ltr'>potest</span> <span class='ocrx_word' id='word_1_118' title='bbox 823 2099 1072 2184; x_wconf 84' lang='lat' dir='ltr'>utaliquando</span> <span class='ocrx_word' id='word_1_119' title='bbox 1099 2098 1227 2182; x_wconf 85' lang='lat' dir='ltr'>uliquis</span> <span class='ocrx_word' id='word_1_120' title='bbox 1249 2098 1425 2182; x_wconf 85' lang='lat' dir='ltr'>percutiet</span> <span class='ocrx_word' id='word_1_121' title='bbox 1445 2100 1481 2164; x_wconf 91' lang='lat' dir='ltr'>iu</span> 
     </span>
     <span class='ocr_line' id='line_1_15' title="bbox 286 2200 1482 2288; baseline 0.002 -21"><span class='ocrx_word' id='word_1_122' title='bbox 286 2201 420 2268; x_wconf 82' lang='lat' dir='ltr'>melitio</span> <span class='ocrx_word' id='word_1_123' title='bbox 433 2223 580 2288; x_wconf 89' lang='lat' dir='ltr'>puerum</span> <span class='ocrx_word' id='word_1_124' title='bbox 597 2203 715 2286; x_wconf 89' lang='lat' dir='ltr'>istum,</span> <span class='ocrx_word' id='word_1_125' title='bbox 740 2208 775 2269; x_wconf 91' lang='lat' dir='ltr'>et</span> <span class='ocrx_word' id='word_1_126' title='bbox 790 2202 967 2268; x_wconf 83' lang='lat' dir='ltr'>moriatur.</span> <span class='ocrx_word' id='word_1_127' title='bbox 1005 2201 1119 2267; x_wconf 83' lang='lat' dir='ltr'>Maria</span> <span class='ocrx_word' id='word_1_128' title='bbox 1135 2206 1251 2266; x_wconf 82' lang='lat' dir='ltr'>autem</span> <span class='ocrx_word' id='word_1_129' title='bbox 1266 2200 1482 2285; x_wconf 89' lang='lat' dir='ltr'>respondens</span> 
     </span>
     <span class='ocr_line' id='line_1_16' title="bbox 287 2305 1481 2390; baseline 0.002 -21"><span class='ocrx_word' id='word_1_130' title='bbox 287 2305 386 2371; x_wconf 89' lang='lat' dir='ltr'>dixit:</span> <span class='ocrx_word' id='word_1_131' title='bbox 417 2306 481 2373; x_wconf 87' lang='lat' dir='ltr'>Vir</span> <span class='ocrx_word' id='word_1_132' title='bbox 497 2307 563 2389; x_wconf 86' lang='lat' dir='ltr'>dci,</span> <span class='ocrx_word' id='word_1_133' title='bbox 582 2307 654 2373; x_wconf 90' lang='lat' dir='ltr'>noli</span> <span class='ocrx_word' id='word_1_134' title='bbox 672 2307 812 2373; x_wconf 80' lang='lat' dir='ltr'>credero</span> <span class='ocrx_word' id='word_1_135' title='bbox 831 2307 923 2390; x_wconf 91' lang='lat' dir='ltr'>quod</span> <span class='ocrx_word' id='word_1_136' title='bbox 940 2307 1005 2372; x_wconf 92' lang='lat' dir='ltr'>hoc</span> <span class='ocrx_word' id='word_1_137' title='bbox 1023 2306 1097 2370; x_wconf 87' lang='lat' dir='ltr'>fiori</span> <span class='ocrx_word' id='word_1_138' title='bbox 1113 2305 1235 2389; x_wconf 90' lang='lat' dir='ltr'>possit.</span> <span class='ocrx_word' id='word_1_139' title='bbox 1267 2306 1341 2370; x_wconf 91' lang='lat' dir='ltr'>Imo</span> <span class='ocrx_word' id='word_1_140' title='bbox 1360 2327 1481 2371; x_wconf 89' lang='lat' dir='ltr'>secure</span> 
     </span>
     <span class='ocr_line' id='line_1_17' title="bbox 287 2407 1480 2492; baseline 0.001 -18"><span class='ocrx_word' id='word_1_141' title='bbox 287 2407 387 2474; x_wconf 88' lang='lat' dir='ltr'>crede</span> <span class='ocrx_word' id='word_1_142' title='bbox 409 2409 500 2492; x_wconf 91' lang='lat' dir='ltr'>quod</span> <span class='ocrx_word' id='word_1_143' title='bbox 518 2410 577 2492; x_wconf 91' lang='lat' dir='ltr'>qui</span> <span class='ocrx_word' id='word_1_144' title='bbox 600 2431 677 2474; x_wconf 91' lang='lat' dir='ltr'>oum</span> <span class='ocrx_word' id='word_1_145' title='bbox 700 2410 795 2475; x_wconf 88' lang='lat' dir='ltr'>misit</span> <span class='ocrx_word' id='word_1_146' title='bbox 815 2411 907 2473; x_wconf 86' lang='lat' dir='ltr'>iuter</span> <span class='ocrx_word' id='word_1_147' title='bbox 928 2408 1085 2473; x_wconf 87' lang='lat' dir='ltr'>homines</span> <span class='ocrx_word' id='word_1_148' title='bbox 1108 2408 1220 2489; x_wconf 83' lang='lat' dir='ltr'>uesci,</span> <span class='ocrx_word' id='word_1_149' title='bbox 1242 2408 1317 2491; x_wconf 87' lang='lat' dir='ltr'>ipso</span> <span class='ocrx_word' id='word_1_150' title='bbox 1339 2429 1416 2474; x_wconf 86' lang='lat' dir='ltr'>eum</span> <span class='ocrx_word' id='word_1_151' title='bbox 1439 2409 1480 2476; x_wconf 81' lang='lat' dir='ltr'>ab</span> 
     </span>
     <span class='ocr_line' id='line_1_18' title="bbox 287 2511 1482 2597; baseline 0.003 -22"><span class='ocrx_word' id='word_1_152' title='bbox 287 2511 444 2577; x_wconf 87' lang='lat' dir='ltr'>omnibus</span> <span class='ocrx_word' id='word_1_153' title='bbox 462 2511 739 2597; x_wconf 85' lang='lat' dir='ltr'>malignitatibus</span> <span class='ocrx_word' id='word_1_154' title='bbox 758 2512 934 2579; x_wconf 87' lang='lat' dir='ltr'>custodiet</span> <span class='ocrx_word' id='word_1_155' title='bbox 956 2518 991 2577; x_wconf 83' lang='lat' dir='ltr'>ot</span> <span class='ocrx_word' id='word_1_156' title='bbox 1012 2512 1048 2576; x_wconf 93' lang='lat' dir='ltr'>iu</span> <span class='ocrx_word' id='word_1_157' title='bbox 1066 2532 1128 2578; x_wconf 90' lang='lat' dir='ltr'>suo</span> <span class='ocrx_word' id='word_1_158' title='bbox 1146 2511 1285 2577; x_wconf 86' lang='lat' dir='ltr'>nomine</span> <span class='ocrx_word' id='word_1_159' title='bbox 1303 2532 1482 2578; x_wconf 76' lang='lat' dir='ltr'>conserva-</span> 
     </span>
     <span class='ocr_line' id='line_1_19' title="bbox 285 2613 487 2680; baseline -0.005 -1"><span class='ocrx_word' id='word_1_160' title='bbox 285 2613 487 2680; x_wconf 71' lang='lat' dir='ltr'>bstammo</span> 
     </span>
    </p>
   </div>
   <div class='ocr_carea' id='block_1_4' title="bbox 720 2751 1048 2819">
    <p class='ocr_par' dir='ltr' id='par_1_5' title="bbox 720 2751 1048 2819">
     <span class='ocr_line' id='line_1_20' title="bbox 720 2751 1048 2819; baseline -0.006 0"><span class='ocrx_word' id='word_1_161' title='bbox 720 2751 841 2819; x_wconf 80' lang='lat' dir='ltr'>Curur</span> <span class='ocrx_word' id='word_1_162' title='bbox 864 2751 1048 2817; x_wconf 90' lang='lat' dir='ltr'><strong>XXXIX.</strong></span> 
     </span>
    </p>
   </div>
   <div class='ocr_carea' id='block_1_5' title="bbox 287 2871 1484 3061">
    <p class='ocr_par' dir='ltr' id='par_1_6' title="bbox 287 2871 1484 3061">
     <span class='ocr_line' id='line_1_21' title="bbox 374 2871 1484 2959; baseline 0.004 -22"><span class='ocrx_word' id='word_1_163' title='bbox 374 2871 533 2938; x_wconf 91' lang='lat' dir='ltr'>¹Iterum</span> <span class='ocrx_word' id='word_1_164' title='bbox 556 2878 764 2959; x_wconf 77' lang='lat' dir='ltr'>rogaverunt</span> <span class='ocrx_word' id='word_1_165' title='bbox 789 2873 893 2941; x_wconf 89' lang='lat' dir='ltr'>tertio</span> <span class='ocrx_word' id='word_1_166' title='bbox 914 2872 1063 2939; x_wconf 82' lang='lat' dir='ltr'>Marium</span> <span class='ocrx_word' id='word_1_167' title='bbox 1088 2879 1124 2939; x_wconf 90' lang='lat' dir='ltr'>et</span> <span class='ocrx_word' id='word_1_168' title='bbox 1143 2871 1272 2957; x_wconf 89' lang='lat' dir='ltr'>Ioseph</span> <span class='ocrx_word' id='word_1_169' title='bbox 1294 2872 1418 2938; x_wconf 84' lang='lat' dir='ltr'>Iudaei</span> <span class='ocrx_word' id='word_1_170' title='bbox 1445 2879 1484 2941; x_wconf 87' lang='lat' dir='ltr'>ut</span> 
     </span>
     <span class='ocr_line' id='line_1_22' title="bbox 287 2975 1483 3061; baseline 0.003 -22"><span class='ocrx_word' id='word_1_171' title='bbox 287 2975 329 3039; x_wconf 82' lang='lat' dir='ltr'>od</span> <span class='ocrx_word' id='word_1_172' title='bbox 346 2975 452 3040; x_wconf 82' lang='lat' dir='ltr'>elium</span> <span class='ocrx_word' id='word_1_173' title='bbox 469 2977 672 3061; x_wconf 83' lang='lat' dir='ltr'>magistrum</span> <span class='ocrx_word' id='word_1_174' title='bbox 688 2977 937 3044; x_wconf 80' lang='lat' dir='ltr'>blandimentis</span> <span class='ocrx_word' id='word_1_175' title='bbox 958 2977 1030 3044; x_wconf 88' lang='lat' dir='ltr'>suis</span> <span class='ocrx_word' id='word_1_176' title='bbox 1051 2976 1221 3042; x_wconf 89' lang='lat' dir='ltr'>ducerent</span> <span class='ocrx_word' id='word_1_177' title='bbox 1239 2976 1282 3041; x_wconf 86' lang='lat' dir='ltr'>ad</span> <span class='ocrx_word' id='word_1_178' title='bbox 1302 2976 1483 3043; x_wconf 83' lang='lat' dir='ltr'>addiscen-</span> 
     </span>
    </p>
   </div>
   <div class='ocr_carea' id='block_1_6' title="bbox 233 3168 1483 4849">
    <p class='ocr_par' dir='ltr' id='par_1_7' title="bbox 287 3168 1482 3402">
     <span class='ocr_line' id='line_1_23' title="bbox 355 3168 1482 3235; baseline 0.005 -20"><span class='ocrx_word' id='word_1_179' title='bbox 355 3168 502 3218; x_wconf 82' lang='lat' dir='ltr'>xxxvlll.</span> <span class='ocrx_word' id='word_1_180' title='bbox 521 3170 558 3218; x_wconf 87' lang='lat' dir='ltr'>llx</span> <span class='ocrx_word' id='word_1_181' title='bbox 569 3170 661 3221; x_wconf 82' lang='lat' dir='ltr'>codice</span> <span class='ocrx_word' id='word_1_182' title='bbox 672 3184 687 3218; x_wconf 87' lang='lat' dir='ltr'>n</span> <span class='ocrx_word' id='word_1_183' title='bbox 699 3171 750 3220; x_wconf 86' lang='lat' dir='ltr'>huc</span> <span class='ocrx_word' id='word_1_184' title='bbox 761 3172 902 3235; x_wconf 82' lang='lat' dir='ltr'>pertinent</span> <span class='ocrx_word' id='word_1_185' title='bbox 915 3186 945 3220; x_wconf 76' lang='lat' dir='ltr'>ee</span> <span class='ocrx_word' id='word_1_186' title='bbox 956 3185 1023 3234; x_wconf 81' lang='lat' dir='ltr'>queo</span> <span class='ocrx_word' id='word_1_187' title='bbox 1033 3170 1126 3220; x_wconf 75' lang='lat' dir='ltr'>stetim</span> <span class='ocrx_word' id='word_1_188' title='bbox 1137 3175 1199 3234; x_wconf 83' lang='lat' dir='ltr'>post</span> <span class='ocrx_word' id='word_1_189' title='bbox 1209 3170 1323 3220; x_wconf 82' lang='lat' dir='ltr'>reditum</span> <span class='ocrx_word' id='word_1_190' title='bbox 1335 3186 1365 3220; x_wconf 84' lang='lat' dir='ltr'>ex</span> <span class='ocrx_word' id='word_1_191' title='bbox 1376 3171 1482 3235; x_wconf 75' lang='lat' dir='ltr'>Egypto</span> 
     </span>
     <span class='ocr_line' id='line_1_24' title="bbox 288 3252 1482 3327; baseline 0.003 -28"><span class='ocrx_word' id='word_1_192' title='bbox 288 3258 437 3327; x_wconf 67' lang='lat' dir='ltr'>uertuntur.</span> <span class='ocrx_word' id='word_1_193' title='bbox 473 3252 564 3301; x_wconf 81' lang='lat' dir='ltr'>Priore</span> <span class='ocrx_word' id='word_1_194' title='bbox 586 3255 624 3302; x_wconf 83' lang='lat' dir='ltr'>eis</span> <span class='ocrx_word' id='word_1_195' title='bbox 643 3254 896 3318; x_wconf 67' lang='lat' dir='ltr'>respondentque</span> <span class='ocrx_word' id='word_1_196' title='bbox 918 3254 950 3302; x_wconf 79' lang='lat' dir='ltr'>eb</span> <span class='ocrx_word' id='word_1_197' title='bbox 970 3254 1049 3303; x_wconf 87' lang='lat' dir='ltr'>initio</span> <span class='ocrx_word' id='word_1_198' title='bbox 1069 3254 1165 3318; x_wconf 81' lang='lat' dir='ltr'>cupitis</span> <span class='ocrx_word' id='word_1_199' title='bbox 1188 3256 1328 3318; x_wconf 81' lang='lat' dir='ltr'>coquentis</span> <span class='ocrx_word' id='word_1_200' title='bbox 1347 3256 1482 3318; x_wconf 82' lang='lat' dir='ltr'>leguntur,</span> 
     </span>
     <span class='ocr_line' id='line_1_25' title="bbox 287 3337 1481 3402; baseline 0.001 -17"><span class='ocrx_word' id='word_1_201' title='bbox 287 3337 436 3400; x_wconf 74' lang='lat' dir='ltr'>posteriorc</span> <span class='ocrx_word' id='word_1_202' title='bbox 449 3338 476 3386; x_wconf 89' lang='lat' dir='ltr'>in</span> <span class='ocrx_word' id='word_1_203' title='bbox 490 3342 570 3402; x_wconf 73' lang='lat' dir='ltr'>caput</span> <span class='ocrx_word' id='word_1_204' title='bbox 580 3338 726 3388; x_wconf 81' lang='lat' dir='ltr'>xxxvul.</span> <span class='ocrx_word' id='word_1_205' title='bbox 740 3338 879 3401; x_wconf 73' lang='lat' dir='ltr'>quadrant.</span> <span class='ocrx_word' id='word_1_206' title='bbox 900 3340 931 3387; x_wconf 93' lang='lat' dir='ltr'>lu</span> <span class='ocrx_word' id='word_1_207' title='bbox 946 3339 1016 3387; x_wconf 87' lang='lat' dir='ltr'>hunc</span> <span class='ocrx_word' id='word_1_208' title='bbox 1030 3340 1100 3387; x_wconf 86' lang='lat' dir='ltr'>enlm</span> <span class='ocrx_word' id='word_1_209' title='bbox 1114 3338 1219 3387; x_wconf 87' lang='lat' dir='ltr'>modum</span> <span class='ocrx_word' id='word_1_210' title='bbox 1233 3339 1270 3387; x_wconf 86' lang='lat' dir='ltr'>ibi</span> <span class='ocrx_word' id='word_1_211' title='bbox 1284 3340 1481 3401; x_wconf 77' lang='lat' dir='ltr'>scriptumest:</span> 
     </span>
    </p>

    <p class='ocr_par' dir='ltr' id='par_1_8' title="bbox 233 3417 1483 4177">
     <span class='ocr_line' id='line_1_26' title="bbox 356 3417 1483 3488; baseline 0.003 -17"><span class='ocrx_word' id='word_1_212' title='bbox 356 3417 364 3448; x_wconf 87' lang='lat'><em>¹</em></span> <span class='ocrx_word' id='word_1_213' title='bbox 380 3421 447 3471; x_wconf 72' lang='lat' dir='ltr'>Tm</span> <span class='ocrx_word' id='word_1_214' title='bbox 465 3428 622 3472; x_wconf 64' lang='lat' dir='ltr'>accerserunt</span> <span class='ocrx_word' id='word_1_215' title='bbox 637 3425 672 3471; x_wconf 81' lang='lat' dir='ltr'>ad</span> <span class='ocrx_word' id='word_1_216' title='bbox 684 3424 775 3486; x_wconf 73' lang='lat' dir='ltr'>Ioseph</span> <span class='ocrx_word' id='word_1_217' title='bbox 790 3424 921 3484; x_wconf 75' lang='lat' dir='ltr'>princr&#39;pcr</span> <span class='ocrx_word' id='word_1_218' title='bbox 932 3424 1090 3472; x_wconf 71' lang='lat' dir='ltr'>sacerdotum</span> <span class='ocrx_word' id='word_1_219' title='bbox 1107 3427 1133 3471; x_wconf 78' lang='lat' dir='ltr'>et</span> <span class='ocrx_word' id='word_1_220' title='bbox 1150 3425 1184 3471; x_wconf 82' lang='lat' dir='ltr'>ad</span> <span class='ocrx_word' id='word_1_221' title='bbox 1198 3424 1324 3480; x_wconf 78' lang='lat' dir='ltr'>Mariam,</span> <span class='ocrx_word' id='word_1_222' title='bbox 1343 3429 1368 3472; x_wconf 81' lang='lat' dir='ltr'>et</span> <span class='ocrx_word' id='word_1_223' title='bbox 1379 3440 1483 3488; x_wconf 72' lang='lat' dir='ltr'>repone·</span> 
     </span>
     <span class='ocr_line' id='line_1_27' title="bbox 286 3507 1483 3567; baseline 0.003 -12"><span class='ocrx_word' id='word_1_224' title='bbox 286 3511 346 3556; x_wconf 75' lang='lat' dir='ltr'>runt</span> <span class='ocrx_word' id='word_1_225' title='bbox 357 3512 552 3567; x_wconf 64' lang='lat' dir='ltr'>corripueram</span> <span class='ocrx_word' id='word_1_226' title='bbox 565 3508 647 3557; x_wconf 73' lang='lat' dir='ltr'>Imm</span> <span class='ocrx_word' id='word_1_227' title='bbox 658 3507 836 3557; x_wconf 76' lang='lat' dir='ltr'>blandr&#39;meutr&#39;r</span> <span class='ocrx_word' id='word_1_228' title='bbox 847 3510 901 3558; x_wconf 75' lang='lat' dir='ltr'>cuir</span> <span class='ocrx_word' id='word_1_229' title='bbox 912 3510 948 3557; x_wconf 77' lang='lat' dir='ltr'>eir</span> <span class='ocrx_word' id='word_1_230' title='bbox 960 3510 1053 3558; x_wconf 78' lang='lat' dir='ltr'>darent</span> <span class='ocrx_word' id='word_1_231' title='bbox 1065 3510 1100 3557; x_wconf 76' lang='lat' dir='ltr'>ad</span> <span class='ocrx_word' id='word_1_232' title='bbox 1112 3510 1299 3558; x_wconf 72' lang='lat' dir='ltr'>addiscendum.</span> <span class='ocrx_word' id='word_1_233' title='bbox 1330 3509 1397 3557; x_wconf 76' lang='lat' dir='ltr'>Tunc</span> <span class='ocrx_word' id='word_1_234' title='bbox 1409 3509 1483 3559; x_wconf 84' lang='lat' dir='ltr'>beata</span> 
     </span>
     <span class='ocr_line' id='line_1_28' title="bbox 287 3592 1482 3659; baseline 0.004 -18"><span class='ocrx_word' id='word_1_235' title='bbox 287 3593 376 3642; x_wconf 74' lang='lat' dir='ltr'>Maria</span> <span class='ocrx_word' id='word_1_236' title='bbox 388 3597 413 3642; x_wconf 79' lang='lat' dir='ltr'>et</span> <span class='ocrx_word' id='word_1_237' title='bbox 422 3593 512 3657; x_wconf 65' lang='lat' dir='ltr'>Ioseph</span> <span class='ocrx_word' id='word_1_238' title='bbox 522 3594 670 3644; x_wconf 57' lang='lat' dir='ltr'>insolertior</span> <span class='ocrx_word' id='word_1_239' title='bbox 679 3595 837 3644; x_wconf 71' lang='lat' dir='ltr'>sacerdotum</span> <span class='ocrx_word' id='word_1_240' title='bbox 847 3599 872 3644; x_wconf 83' lang='lat' dir='ltr'>et</span> <span class='ocrx_word' id='word_1_241' title='bbox 880 3596 961 3644; x_wconf 79' lang='lat' dir='ltr'>minae</span> <span class='ocrx_word' id='word_1_242' title='bbox 969 3595 1113 3658; x_wconf 78' lang='lat' dir='ltr'>principum</span> <span class='ocrx_word' id='word_1_243' title='bbox 1122 3597 1256 3654; x_wconf 73' lang='lat' dir='ltr'>refrenare</span> <span class='ocrx_word' id='word_1_244' title='bbox 1265 3595 1376 3644; x_wconf 80' lang='lat' dir='ltr'>volenter</span> <span class='ocrx_word' id='word_1_245' title='bbox 1385 3592 1482 3659; x_wconf 83' lang='lat' dir='ltr'>[codex</span> 
     </span>
     <span class='ocr_line' id='line_1_29' title="bbox 285 3677 1482 3748; baseline 0.003 -20"><span class='ocrx_word' id='word_1_246' title='bbox 285 3677 409 3744; x_wconf 68' lang='lat' dir='ltr'>uolentm]</span> <span class='ocrx_word' id='word_1_247' title='bbox 421 3680 593 3730; x_wconf 68' lang='lat' dir='ltr'>darmstad</span> <span class='ocrx_word' id='word_1_248' title='bbox 605 3681 713 3740; x_wconf 73' lang='lat' dir='ltr'>redoles,</span> <span class='ocrx_word' id='word_1_249' title='bbox 726 3682 833 3731; x_wconf 67' lang='lat' dir='ltr'>seientes</span> <span class='ocrx_word' id='word_1_250' title='bbox 843 3683 908 3747; x_wconf 78' lang='lat' dir='ltr'>quod</span> <span class='ocrx_word' id='word_1_251' title='bbox 920 3682 985 3730; x_wconf 74' lang='lat' dir='ltr'>nibil</span> <span class='ocrx_word' id='word_1_252' title='bbox 994 3682 1133 3748; x_wconf 79' lang='lat' dir='ltr'>proficeret</span> <span class='ocrx_word' id='word_1_253' title='bbox 1145 3687 1169 3731; x_wconf 80' lang='lat' dir='ltr'>et</span> <span class='ocrx_word' id='word_1_254' title='bbox 1180 3683 1246 3731; x_wconf 73' lang='lat' dir='ltr'>nibil</span> <span class='ocrx_word' id='word_1_255' title='bbox 1258 3683 1390 3731; x_wconf 77' lang='lat' dir='ltr'>addiscere</span> <span class='ocrx_word' id='word_1_256' title='bbox 1396 3686 1482 3746; x_wconf 79' lang='lat' dir='ltr'>posset</span> 
     </span>
     <span class='ocr_line' id='line_1_30' title="bbox 284 3765 1481 3833; baseline 0.002 -18"><span class='ocrx_word' id='word_1_257' title='bbox 284 3766 315 3815; x_wconf 83' lang='lat' dir='ltr'>ab</span> <span class='ocrx_word' id='word_1_258' title='bbox 328 3767 432 3825; x_wconf 77' lang='lat' dir='ltr'>domine,</span> <span class='ocrx_word' id='word_1_259' title='bbox 450 3766 493 3814; x_wconf 81' lang='lat' dir='ltr'>sed</span> <span class='ocrx_word' id='word_1_260' title='bbox 506 3783 523 3814; x_wconf 82' lang='lat' dir='ltr'><strong><em>a</em></strong></span> <span class='ocrx_word' id='word_1_261' title='bbox 535 3767 589 3817; x_wconf 77' lang='lat' dir='ltr'>eolo</span> <span class='ocrx_word' id='word_1_262' title='bbox 601 3767 647 3817; x_wconf 82' lang='lat' dir='ltr'>deo</span> <span class='ocrx_word' id='word_1_263' title='bbox 661 3768 727 3817; x_wconf 77' lang='lat' dir='ltr'>caeli</span> <span class='ocrx_word' id='word_1_264' title='bbox 739 3765 795 3832; x_wconf 85' lang='lat' dir='ltr'>[ct]</span> <span class='ocrx_word' id='word_1_265' title='bbox 810 3772 896 3817; x_wconf 65' lang='lat' dir='ltr'>rmus</span> <span class='ocrx_word' id='word_1_266' title='bbox 907 3769 1039 3817; x_wconf 76' lang='lat' dir='ltr'>seientiam</span> <span class='ocrx_word' id='word_1_267' title='bbox 1051 3769 1186 3818; x_wconf 73' lang='lat' dir='ltr'>obtinebat.</span> <span class='ocrx_word' id='word_1_268' title='bbox 1211 3769 1281 3832; x_wconf 79' lang='lat' dir='ltr'>(lluc</span> <span class='ocrx_word' id='word_1_269' title='bbox 1294 3785 1378 3833; x_wconf 79' lang='lat' dir='ltr'>usque</span> <span class='ocrx_word' id='word_1_270' title='bbox 1392 3773 1481 3819; x_wconf 78' lang='lat' dir='ltr'>textus</span> 
     </span>
     <span class='ocr_line' id='line_1_31' title="bbox 233 3853 1483 3919; baseline 0.002 -18"><span class='ocrx_word' id='word_1_271' title='bbox 233 3895 237 3901; x_wconf 92' lang='lat'>.</span> <span class='ocrx_word' id='word_1_272' title='bbox 285 3869 342 3902; x_wconf 88' lang='lat' dir='ltr'>cum</span> <span class='ocrx_word' id='word_1_273' title='bbox 355 3868 413 3916; x_wconf 68' lang='lat' dir='ltr'>cup.</span> <span class='ocrx_word' id='word_1_274' title='bbox 426 3853 542 3902; x_wconf 76' lang='lat' dir='ltr'>XXXIX.</span> <span class='ocrx_word' id='word_1_275' title='bbox 562 3855 740 3905; x_wconf 80' lang='lat' dir='ltr'>conserendus</span> <span class='ocrx_word' id='word_1_276' title='bbox 760 3855 821 3917; x_wconf 81' lang='lat' dir='ltr'>oct.)</span> <span class='ocrx_word' id='word_1_277' title='bbox 848 3855 906 3903; x_wconf 85' lang='lat' dir='ltr'>Cum</span> <span class='ocrx_word' id='word_1_278' title='bbox 924 3859 1007 3903; x_wconf 70' lang='lat' dir='ltr'>nutem</span> <span class='ocrx_word' id='word_1_279' title='bbox 1025 3856 1148 3904; x_wconf 77' lang='lat' dir='ltr'>intrasset</span> <span class='ocrx_word' id='word_1_280' title='bbox 1160 3856 1244 3912; x_wconf 78' lang='lat' dir='ltr'>Iesus,</span> <span class='ocrx_word' id='word_1_281' title='bbox 1262 3855 1384 3919; x_wconf 77' lang='lat' dir='ltr'>mapr&#39;rler</span> <span class='ocrx_word' id='word_1_282' title='bbox 1401 3855 1483 3918; x_wconf 81' lang='lat' dir='ltr'>coepit</span> 
     </span>
     <span class='ocr_line' id='line_1_32' title="bbox 282 3940 1481 4005; baseline 0 -17"><span class='ocrx_word' id='word_1_283' title='bbox 282 3956 331 4002; x_wconf 75' lang='lat' dir='ltr'>per</span> <span class='ocrx_word' id='word_1_284' title='bbox 342 3940 460 3989; x_wconf 74' lang='lat' dir='ltr'>visionem</span> <span class='ocrx_word' id='word_1_285' title='bbox 474 3940 502 4003; x_wconf 76' lang='lat' dir='ltr'>(l</span> <span class='ocrx_word' id='word_1_286' title='bbox 513 3942 644 3991; x_wconf 71' lang='lat' dir='ltr'>terrionem</span> <span class='ocrx_word' id='word_1_287' title='bbox 655 3941 679 4004; x_wconf 76' lang='lat' dir='ltr'>l)</span> <span class='ocrx_word' id='word_1_288' title='bbox 693 3943 783 3991; x_wconf 77' lang='lat' dir='ltr'>(locere</span> <span class='ocrx_word' id='word_1_289' title='bbox 795 3958 848 3990; x_wconf 87' lang='lat' dir='ltr'>eum</span> <span class='ocrx_word' id='word_1_290' title='bbox 861 3944 981 3991; x_wconf 82' lang='lat' dir='ltr'>diceudo:</span> <span class='ocrx_word' id='word_1_291' title='bbox 1007 3944 1058 3991; x_wconf 86' lang='lat' dir='ltr'>Dic</span> <span class='ocrx_word' id='word_1_292' title='bbox 1071 3942 1161 4005; x_wconf 79' lang='lat' dir='ltr'>Alept.</span> <span class='ocrx_word' id='word_1_293' title='bbox 1187 3944 1258 3992; x_wconf 73' lang='lat' dir='ltr'>Iesus</span> <span class='ocrx_word' id='word_1_294' title='bbox 1270 3947 1353 3991; x_wconf 75' lang='lat' dir='ltr'>autem</span> <span class='ocrx_word' id='word_1_295' title='bbox 1364 3942 1432 3991; x_wconf 70' lang='lat' dir='ltr'>uixit</span> <span class='ocrx_word' id='word_1_296' title='bbox 1443 3941 1481 3991; x_wconf 80' lang='lat' dir='ltr'>ei.-</span> 
     </span>
     <span class='ocr_line' id='line_1_33' title="bbox 285 4025 1482 4092; baseline 0.002 -18"><span class='ocrx_word' id='word_1_297' title='bbox 285 4027 335 4074; x_wconf 76' lang='lat' dir='ltr'>Dr&#39;c</span> <span class='ocrx_word' id='word_1_298' title='bbox 346 4027 406 4074; x_wconf 74' lang='lat' dir='ltr'>mitt</span> <span class='ocrx_word' id='word_1_299' title='bbox 416 4028 476 4089; x_wconf 76' lang='lat' dir='ltr'>quid</span> <span class='ocrx_word' id='word_1_300' title='bbox 487 4027 522 4075; x_wconf 73' lang='lat' dir='ltr'>sir</span> <span class='ocrx_word' id='word_1_301' title='bbox 530 4028 605 4084; x_wconf 71' lang='lat' dir='ltr'>Bou,</span> <span class='ocrx_word' id='word_1_302' title='bbox 619 4025 701 4092; x_wconf 89' lang='lat' dir='ltr'>[tum]</span> <span class='ocrx_word' id='word_1_303' title='bbox 715 4029 798 4076; x_wconf 72' lang='lat' dir='ltr'>(licam</span> <span class='ocrx_word' id='word_1_304' title='bbox 810 4029 857 4077; x_wconf 75' lang='lat' dir='ltr'>ribi</span> <span class='ocrx_word' id='word_1_305' title='bbox 870 4031 930 4092; x_wconf 78' lang='lat' dir='ltr'>quid</span> <span class='ocrx_word' id='word_1_306' title='bbox 942 4031 976 4077; x_wconf 70' lang='lat' dir='ltr'>sit</span> <span class='ocrx_word' id='word_1_307' title='bbox 991 4030 1081 4091; x_wconf 76' lang='lat' dir='ltr'>Alepd.</span> <span class='ocrx_word' id='word_1_308' title='bbox 1103 4030 1139 4078; x_wconf 85' lang='lat' dir='ltr'>Ob</span> <span class='ocrx_word' id='word_1_309' title='bbox 1148 4031 1194 4078; x_wconf 73' lang='lat' dir='ltr'>laec</span> <span class='ocrx_word' id='word_1_310' title='bbox 1203 4031 1287 4077; x_wconf 75' lang='lat' dir='ltr'>iratur</span> <span class='ocrx_word' id='word_1_311' title='bbox 1295 4029 1417 4092; x_wconf 70' lang='lat' dir='ltr'>trrapirter</span> <span class='ocrx_word' id='word_1_312' title='bbox 1424 4043 1482 4090; x_wconf 78' lang='lat' dir='ltr'>per·</span> 
     </span>
     <span class='ocr_line' id='line_1_34' title="bbox 285 4109 1481 4177; baseline 0.002 -18"><span class='ocrx_word' id='word_1_313' title='bbox 285 4112 362 4160; x_wconf 68' lang='lat' dir='ltr'>crescit</span> <span class='ocrx_word' id='word_1_314' title='bbox 366 4127 472 4173; x_wconf 83' lang='lat' dir='ltr'>puerum</span> <span class='ocrx_word' id='word_1_315' title='bbox 480 4112 569 4159; x_wconf 78' lang='lat' dir='ltr'>lerum.</span> <span class='ocrx_word' id='word_1_316' title='bbox 584 4109 672 4174; x_wconf 73' lang='lat' dir='ltr'>[lesus</span> <span class='ocrx_word' id='word_1_317' title='bbox 679 4110 754 4174; x_wconf 79' lang='lat' dir='ltr'>vero]</span> <span class='ocrx_word' id='word_1_318' title='bbox 763 4128 820 4160; x_wconf 74' lang='lat' dir='ltr'>osor</span> <span class='ocrx_word' id='word_1_319' title='bbox 828 4113 954 4176; x_wconf 73' lang='lat' dir='ltr'>percussit</span> <span class='ocrx_word' id='word_1_320' title='bbox 963 4114 1119 4175; x_wconf 73' lang='lat' dir='ltr'>rnopirtrum,</span> <span class='ocrx_word' id='word_1_321' title='bbox 1131 4114 1309 4177; x_wconf 69' lang='lat' dir='ltr'>portuense-clim</span> <span class='ocrx_word' id='word_1_322' title='bbox 1318 4117 1481 4163; x_wconf 70' lang='lat' dir='ltr'>scortumst.</span> 
     </span>
    </p>

    <p class='ocr_par' dir='ltr' id='par_1_9' title="bbox 281 4189 1482 4519">
     <span class='ocr_line' id='line_1_35' title="bbox 351 4189 1481 4257; baseline 0.003 -14"><span class='ocrx_word' id='word_1_323' title='bbox 351 4189 432 4243; x_wconf 65' lang='lat'><em>’1100</em></span> <span class='ocrx_word' id='word_1_324' title='bbox 448 4198 531 4242; x_wconf 76' lang='lat' dir='ltr'>autem</span> <span class='ocrx_word' id='word_1_325' title='bbox 539 4196 617 4257; x_wconf 70' lang='lat' dir='ltr'>sarto</span> <span class='ocrx_word' id='word_1_326' title='bbox 635 4209 751 4244; x_wconf 73' lang='lat' dir='ltr'>reversus</span> <span class='ocrx_word' id='word_1_327' title='bbox 767 4201 805 4244; x_wconf 79' lang='lat' dir='ltr'>ert</span> <span class='ocrx_word' id='word_1_328' title='bbox 818 4197 889 4244; x_wconf 67' lang='lat' dir='ltr'>Iecur</span> <span class='ocrx_word' id='word_1_329' title='bbox 905 4197 939 4244; x_wconf 76' lang='lat' dir='ltr'>aul</span> <span class='ocrx_word' id='word_1_330' title='bbox 955 4201 1061 4245; x_wconf 71' lang='lat' dir='ltr'>ciatrem</span> <span class='ocrx_word' id='word_1_331' title='bbox 1072 4213 1144 4244; x_wconf 78' lang='lat' dir='ltr'>ruam</span> <span class='ocrx_word' id='word_1_332' title='bbox 1160 4198 1186 4243; x_wconf 80' lang='lat' dir='ltr'>iu</span> <span class='ocrx_word' id='word_1_333' title='bbox 1198 4198 1296 4245; x_wconf 72' lang='lat' dir='ltr'>dorsum</span> <span class='ocrx_word' id='word_1_334' title='bbox 1308 4214 1386 4246; x_wconf 72' lang='lat' dir='ltr'>cuono.</span> <span class='ocrx_word' id='word_1_335' title='bbox 1414 4199 1481 4246; x_wconf 74' lang='lat' dir='ltr'>Ibnc</span> 
     </span>
     <span class='ocr_line' id='line_1_36' title="bbox 285 4279 1482 4346; baseline 0.005 -19"><span class='ocrx_word' id='word_1_336' title='bbox 285 4280 374 4342; x_wconf 70' lang='lat' dir='ltr'>Ioseph</span> <span class='ocrx_word' id='word_1_337' title='bbox 390 4280 457 4329; x_wconf 74' lang='lat' dir='ltr'>dr&#39;rr&#39;t</span> <span class='ocrx_word' id='word_1_338' title='bbox 473 4279 507 4327; x_wconf 81' lang='lat' dir='ltr'>ad</span> <span class='ocrx_word' id='word_1_339' title='bbox 525 4279 623 4328; x_wconf 75' lang='lat' dir='ltr'>boclam</span> <span class='ocrx_word' id='word_1_340' title='bbox 639 4281 767 4328; x_wconf 74' lang='lat' dir='ltr'>Mar-inm.-</span> <span class='ocrx_word' id='word_1_341' title='bbox 796 4281 860 4329; x_wconf 78' lang='lat' dir='ltr'>Vere</span> <span class='ocrx_word' id='word_1_342' title='bbox 875 4282 943 4330; x_wconf 79' lang='lat' dir='ltr'>reios</span> <span class='ocrx_word' id='word_1_343' title='bbox 961 4283 1026 4346; x_wconf 77' lang='lat' dir='ltr'>quod</span> <span class='ocrx_word' id='word_1_344' title='bbox 1046 4283 1131 4330; x_wconf 69' lang='lat' dir='ltr'>aniano</span> <span class='ocrx_word' id='word_1_345' title='bbox 1149 4298 1204 4330; x_wconf 73' lang='lat' dir='ltr'>ouen</span> <span class='ocrx_word' id='word_1_346' title='bbox 1221 4283 1305 4331; x_wconf 78' lang='lat' dir='ltr'>Irirllr</span> <span class='ocrx_word' id='word_1_347' title='bbox 1322 4287 1360 4332; x_wconf 77' lang='lat' dir='ltr'>ert</span> <span class='ocrx_word' id='word_1_348' title='bbox 1376 4286 1482 4346; x_wconf 81' lang='lat' dir='ltr'>propter</span> 
     </span>
     <span class='ocr_line' id='line_1_37' title="bbox 281 4365 1482 4429; baseline 0.001 -13"><span class='ocrx_word' id='word_1_349' title='bbox 281 4382 387 4429; x_wconf 75' lang='lat' dir='ltr'>puerum</span> <span class='ocrx_word' id='word_1_350' title='bbox 403 4366 477 4415; x_wconf 78' lang='lat' dir='ltr'>istum</span> <span class='ocrx_word' id='word_1_351' title='bbox 496 4368 547 4414; x_wconf 86' lang='lat' dir='ltr'>etc.</span> <span class='ocrx_word' id='word_1_352' title='bbox 572 4365 692 4416; x_wconf 79' lang='lat' dir='ltr'>Exeunte</span> <span class='ocrx_word' id='word_1_353' title='bbox 710 4367 798 4429; x_wconf 76' lang='lat' dir='ltr'>cupite</span> <span class='ocrx_word' id='word_1_354' title='bbox 816 4366 849 4414; x_wconf 78' lang='lat' dir='ltr'>ed</span> <span class='ocrx_word' id='word_1_355' title='bbox 864 4367 944 4416; x_wconf 82' lang='lat' dir='ltr'>verbo</span> <span class='ocrx_word' id='word_1_356' title='bbox 961 4367 1119 4416; x_wconf 67' lang='lat' dir='ltr'>conseo-natu</span> <span class='ocrx_word' id='word_1_357' title='bbox 1136 4384 1153 4415; x_wconf 82' lang='lat' dir='ltr'><strong><em>a</em></strong></span> <span class='ocrx_word' id='word_1_358' title='bbox 1165 4367 1232 4418; x_wconf 80' lang='lat' dir='ltr'>melo</span> <span class='ocrx_word' id='word_1_359' title='bbox 1252 4368 1373 4419; x_wconf 79' lang='lat' dir='ltr'>additum</span> <span class='ocrx_word' id='word_1_360' title='bbox 1393 4372 1482 4419; x_wconf 73' lang='lat' dir='ltr'>estrat</span> 
     </span>
     <span class='ocr_line' id='line_1_38' title="bbox 282 4452 596 4519; baseline -0.006 -17"><span class='ocrx_word' id='word_1_361' title='bbox 282 4452 433 4519; x_wconf 72' lang='lat' dir='ltr'>perficiatur</span> <span class='ocrx_word' id='word_1_362' title='bbox 444 4467 507 4515; x_wconf 75' lang='lat' dir='ltr'>opus</span> <span class='ocrx_word' id='word_1_363' title='bbox 518 4467 596 4501; x_wconf 76' lang='lat' dir='ltr'>suurn.</span> 
     </span>
    </p>

    <p class='ocr_par' dir='ltr' id='par_1_10' title="bbox 287 4538 1480 4690">
     <span class='ocr_line' id='line_1_39' title="bbox 353 4538 1480 4608; baseline 0.004 -19"><span class='ocrx_word' id='word_1_364' title='bbox 353 4539 425 4598; x_wconf 70' lang='lat' dir='ltr'>Quae</span> <span class='ocrx_word' id='word_1_365' title='bbox 437 4538 478 4589; x_wconf 75' lang='lat' dir='ltr'>bis</span> <span class='ocrx_word' id='word_1_366' title='bbox 488 4539 586 4589; x_wconf 75' lang='lat' dir='ltr'>similis</span> <span class='ocrx_word' id='word_1_367' title='bbox 596 4539 624 4588; x_wconf 90' lang='lat' dir='ltr'>in</span> <span class='ocrx_word' id='word_1_368' title='bbox 635 4553 652 4589; x_wconf 84' lang='lat' dir='ltr'>n</span> <span class='ocrx_word' id='word_1_369' title='bbox 663 4539 798 4604; x_wconf 81' lang='lat' dir='ltr'>leguntur,</span> <span class='ocrx_word' id='word_1_370' title='bbox 812 4540 921 4604; x_wconf 80' lang='lat' dir='ltr'>propius</span> <span class='ocrx_word' id='word_1_371' title='bbox 932 4539 1065 4590; x_wconf 72' lang='lat' dir='ltr'>accedunt</span> <span class='ocrx_word' id='word_1_372' title='bbox 1079 4540 1112 4590; x_wconf 88' lang='lat' dir='ltr'>nd</span> <span class='ocrx_word' id='word_1_373' title='bbox 1124 4543 1257 4608; x_wconf 75' lang='lat' dir='ltr'>evangelii</span> <span class='ocrx_word' id='word_1_374' title='bbox 1268 4544 1355 4594; x_wconf 84' lang='lat' dir='ltr'>nostri</span> <span class='ocrx_word' id='word_1_375' title='bbox 1364 4543 1480 4594; x_wconf 77' lang='lat' dir='ltr'>&#39;l&#39;homee</span> 
     </span>
     <span class='ocr_line' id='line_1_40' title="bbox 287 4624 1060 4690; baseline 0 -14"><span class='ocrx_word' id='word_1_376' title='bbox 287 4626 375 4676; x_wconf 75' lang='lat' dir='ltr'>hutini</span> <span class='ocrx_word' id='word_1_377' title='bbox 389 4630 469 4690; x_wconf 69' lang='lat' dir='ltr'>ceput</span> <span class='ocrx_word' id='word_1_378' title='bbox 481 4625 551 4684; x_wconf 78' lang='lat' dir='ltr'>llll..</span> <span class='ocrx_word' id='word_1_379' title='bbox 564 4626 597 4676; x_wconf 78' lang='lat' dir='ltr'>cd</span> <span class='ocrx_word' id='word_1_380' title='bbox 611 4625 683 4690; x_wconf 89' lang='lat' dir='ltr'>quod</span> <span class='ocrx_word' id='word_1_381' title='bbox 696 4624 757 4674; x_wconf 80' lang='lat' dir='ltr'>vide</span> <span class='ocrx_word' id='word_1_382' title='bbox 771 4641 838 4689; x_wconf 78' lang='lat' dir='ltr'>quae</span> <span class='ocrx_word' id='word_1_383' title='bbox 852 4627 879 4675; x_wconf 88' lang='lat' dir='ltr'>in</span> <span class='ocrx_word' id='word_1_384' title='bbox 892 4641 910 4676; x_wconf 85' lang='lat' dir='ltr'>n</span> <span class='ocrx_word' id='word_1_385' title='bbox 925 4626 1060 4676; x_wconf 87' lang='lat' dir='ltr'>dillerunt.</span> 
     </span>
    </p>

    <p class='ocr_par' dir='ltr' id='par_1_11' title="bbox 287 4711 1481 4849">
     <span class='ocr_line' id='line_1_41' title="bbox 354 4711 1481 4781; baseline 0.004 -20"><span class='ocrx_word' id='word_1_386' title='bbox 354 4712 469 4772; x_wconf 75' lang='lat' dir='ltr'>xxm,</span> <span class='ocrx_word' id='word_1_387' title='bbox 489 4715 512 4762; x_wconf 93' lang='lat'>1.</span> <span class='ocrx_word' id='word_1_388' title='bbox 537 4711 577 4761; x_wconf 79' lang='lat' dir='ltr'>ud</span> <span class='ocrx_word' id='word_1_389' title='bbox 595 4712 664 4762; x_wconf 77' lang='lat' dir='ltr'>hunc</span> <span class='ocrx_word' id='word_1_390' title='bbox 682 4712 796 4777; x_wconf 75' lang='lat' dir='ltr'>priorem</span> <span class='ocrx_word' id='word_1_391' title='bbox 816 4713 914 4778; x_wconf 74' lang='lat' dir='ltr'>cepitis</span> <span class='ocrx_word' id='word_1_392' title='bbox 928 4718 1032 4778; x_wconf 76' lang='lat' dir='ltr'>partem</span> <span class='ocrx_word' id='word_1_393' title='bbox 1046 4714 1081 4764; x_wconf 83' lang='lat' dir='ltr'>cl.</span> <span class='ocrx_word' id='word_1_394' title='bbox 1095 4730 1163 4778; x_wconf 80' lang='lat' dir='ltr'>quoe</span> <span class='ocrx_word' id='word_1_395' title='bbox 1176 4715 1255 4765; x_wconf 89' lang='lat' dir='ltr'>modo</span> <span class='ocrx_word' id='word_1_396' title='bbox 1275 4729 1335 4766; x_wconf 76' lang='lat' dir='ltr'>exn</span> <span class='ocrx_word' id='word_1_397' title='bbox 1354 4714 1387 4765; x_wconf 75' lang='lat' dir='ltr'>ed</span> <span class='ocrx_word' id='word_1_398' title='bbox 1400 4719 1481 4781; x_wconf 70' lang='lat' dir='ltr'>cuput</span> 
     </span>
     <span class='ocr_line' id='line_1_42' title="bbox 287 4798 641 4849; baseline 0.003 -1"><span class='ocrx_word' id='word_1_399' title='bbox 287 4798 432 4848; x_wconf 83' lang='lat' dir='ltr'>lllllll&#39;lll.</span> <span class='ocrx_word' id='word_1_400' title='bbox 445 4799 641 4849; x_wconf 67' lang='lat' dir='ltr'>adnotavimus.</span> 
     </span>
    </p>
   </div>
   <div class='ocr_carea' id='block_1_7' title="bbox 0 0 1734 5640">
    <p class='ocr_par' dir='ltr' id='par_1_12' title="bbox 0 0 1734 5640">
     <span class='ocr_line' id='line_1_43' title="bbox 0 0 1734 5640; baseline 0 0"><span class='ocrx_word' id='word_1_401' title='bbox 0 0 1734 5640; x_wconf 95' lang='lat' dir='ltr'> </span> 
     </span>
    </p>
   </div>
  </div>
 </body>
</html>
