<?xml version="1.0" encoding="UTF-8"?>
<!DOCTYPE html PUBLIC "-//W3C//DTD XHTML 1.0 Transitional//EN"
    "http://www.w3.org/TR/xhtml1/DTD/xhtml1-transitional.dtd">
<html xmlns="http://www.w3.org/1999/xhtml" xml:lang="en" lang="en">
 <head>
  <title>
</title>
<meta http-equiv="Content-Type" content="text/html;charset=utf-8" />
  <meta name='ocr-system' content='tesseract 3.04.00' />
  <meta name='ocr-capabilities' content='ocr_page ocr_carea ocr_par ocr_line ocrx_word'/>
</head>
<body>
  <div class='ocr_page' id='page_1' title='image "./evangeliaapocry02tiscgoog_0250.png"; bbox 0 0 3458 5640; ppageno 0'>
   <div class='ocr_carea' id='block_1_1' title="bbox 270 615 1140 679">
    <p class='ocr_par' dir='ltr' id='par_1_1' title="bbox 270 615 1140 679">
     <span class='ocr_line' id='line_1_1' title="bbox 270 615 1140 679; baseline 0.003 -7"><span class='ocrx_word' id='word_1_1' title='bbox 270 615 332 679; x_wconf 81' lang='grc'><strong>130</strong></span> <span class='ocrx_word' id='word_1_2' title='bbox 587 620 754 671; x_wconf 79' lang='lat' dir='ltr'><strong>ms&#39;rosla</strong></span> <span class='ocrx_word' id='word_1_3' title='bbox 775 620 925 673; x_wconf 78' lang='lat' dir='ltr'><strong>losarm.</strong></span> <span class='ocrx_word' id='word_1_4' title='bbox 950 620 1023 672; x_wconf 76' lang='grc' dir='ltr'><strong>ΟΔΡ.</strong></span> <span class='ocrx_word' id='word_1_5' title='bbox 1041 623 1140 675; x_wconf 86' lang='lat' dir='ltr'><strong>xv111.</strong></span> 
     </span>
    </p>
   </div>
   <div class='ocr_carea' id='block_1_2' title="bbox 243 765 1504 3648">
    <p class='ocr_par' dir='ltr' id='par_1_2' title="bbox 243 765 1504 3648">
     <span class='ocr_line' id='line_1_2' title="bbox 268 765 1462 853; baseline 0.008 -23"><span class='ocrx_word' id='word_1_6' title='bbox 268 765 442 850; x_wconf 84' lang='lat' dir='ltr'><strong>Equidem</strong></span> <span class='ocrx_word' id='word_1_7' title='bbox 463 768 563 833; x_wconf 90' lang='lat' dir='ltr'><strong>dolor</strong></span> <span class='ocrx_word' id='word_1_8' title='bbox 582 774 764 852; x_wconf 89' lang='lat' dir='ltr'><strong>metusque</strong></span> <span class='ocrx_word' id='word_1_9' title='bbox 785 772 906 836; x_wconf 89' lang='lat' dir='ltr'><strong>mortis</strong></span> <span class='ocrx_word' id='word_1_10' title='bbox 932 772 999 836; x_wconf 87' lang='lat' dir='ltr'><strong>iarn</strong></span> <span class='ocrx_word' id='word_1_11' title='bbox 1022 770 1279 837; x_wconf 80' lang='lat' dir='ltr'><strong>circumdedere</strong></span> <span class='ocrx_word' id='word_1_12' title='bbox 1300 793 1370 853; x_wconf 90' lang='lat' dir='ltr'><strong>me;</strong></span> <span class='ocrx_word' id='word_1_13' title='bbox 1398 773 1462 839; x_wconf 90' lang='lat' dir='ltr'><strong>sed</strong></span> 
     </span>
     <span class='ocr_line' id='line_1_3' title="bbox 268 870 1461 957; baseline 0.007 -23"><span class='ocrx_word' id='word_1_14' title='bbox 268 871 385 935; x_wconf 89' lang='lat' dir='ltr'><strong>statim</strong></span> <span class='ocrx_word' id='word_1_15' title='bbox 407 891 446 937; x_wconf 88' lang='lat' dir='ltr'><strong>ac</strong></span> <span class='ocrx_word' id='word_1_16' title='bbox 468 870 721 938; x_wconf 83' lang='lat' dir='ltr'><strong>audivivocem</strong></span> <span class='ocrx_word' id='word_1_17' title='bbox 743 880 852 956; x_wconf 90' lang='lat' dir='ltr'><strong>tuam,</strong></span> <span class='ocrx_word' id='word_1_18' title='bbox 874 875 1046 957; x_wconf 81' lang='lat' dir='ltr'><strong>requievit</strong></span> <span class='ocrx_word' id='word_1_19' title='bbox 1065 875 1180 940; x_wconf 88' lang='lat' dir='ltr'><strong>anima</strong></span> <span class='ocrx_word' id='word_1_20' title='bbox 1199 896 1285 942; x_wconf 88' lang='lat' dir='ltr'><strong>mea.</strong></span> <span class='ocrx_word' id='word_1_21' title='bbox 1322 872 1352 943; x_wconf 90' lang='grc' dir='ltr'>Ο</span> <span class='ocrx_word' id='word_1_22' title='bbox 1376 874 1461 942; x_wconf 89' lang='lat' dir='ltr'><strong>Iesu</strong></span> 
     </span>
     <span class='ocr_line' id='line_1_4' title="bbox 266 971 1461 1064; baseline 0.006 -25"><span class='ocrx_word' id='word_1_23' title='bbox 266 971 465 1057; x_wconf 84' lang='lat' dir='ltr'><strong>Nazarene,</strong></span> <span class='ocrx_word' id='word_1_24' title='bbox 490 973 572 1040; x_wconf 87' lang='lat' dir='ltr'><strong>Iesu</strong></span> <span class='ocrx_word' id='word_1_25' title='bbox 595 977 785 1060; x_wconf 80' lang='lat' dir='ltr'><strong>sospitator</strong></span> <span class='ocrx_word' id='word_1_26' title='bbox 805 979 865 1060; x_wconf 85' lang='lat' dir='ltr'><strong>m&#39;i,</strong></span> <span class='ocrx_word' id='word_1_27' title='bbox 893 977 977 1043; x_wconf 88' lang='lat' dir='ltr'><strong>Iesu</strong></span> <span class='ocrx_word' id='word_1_28' title='bbox 1002 977 1170 1045; x_wconf 87' lang='lat' dir='ltr'><strong>liberator</strong></span> <span class='ocrx_word' id='word_1_29' title='bbox 1194 980 1328 1045; x_wconf 88' lang='lat' dir='ltr'><strong>animae</strong></span> <span class='ocrx_word' id='word_1_30' title='bbox 1351 1002 1461 1064; x_wconf 80' lang='lat' dir='ltr'><strong>meae,</strong></span> 
     </span>
     <span class='ocr_line' id='line_1_5' title="bbox 267 1075 1461 1163; baseline 0.008 -22"><span class='ocrx_word' id='word_1_31' title='bbox 267 1075 349 1142; x_wconf 88' lang='lat' dir='ltr'><strong>Iesu</strong></span> <span class='ocrx_word' id='word_1_32' title='bbox 371 1085 549 1162; x_wconf 91' lang='lat' dir='ltr'><strong>protector</strong></span> <span class='ocrx_word' id='word_1_33' title='bbox 570 1080 626 1144; x_wconf 76' lang='lat' dir='ltr'><strong>mi,</strong></span> <span class='ocrx_word' id='word_1_34' title='bbox 671 1079 768 1163; x_wconf 91' lang='lat' dir='ltr'><strong>Iesu,</strong></span> <span class='ocrx_word' id='word_1_35' title='bbox 796 1103 814 1147; x_wconf 94' lang='lat'>0</span> <span class='ocrx_word' id='word_1_36' title='bbox 838 1082 1078 1147; x_wconf 88' lang='lat' dir='ltr'><strong>suavissimum</strong></span> <span class='ocrx_word' id='word_1_37' title='bbox 1100 1103 1223 1148; x_wconf 92' lang='lat' dir='ltr'><strong>nomen</strong></span> <span class='ocrx_word' id='word_1_38' title='bbox 1246 1084 1281 1148; x_wconf 90' lang='lat' dir='ltr'><strong>iu</strong></span> <span class='ocrx_word' id='word_1_39' title='bbox 1303 1105 1361 1150; x_wconf 92' lang='lat' dir='ltr'><strong>ore</strong></span> <span class='ocrx_word' id='word_1_40' title='bbox 1383 1105 1461 1151; x_wconf 91' lang='lat' dir='ltr'><strong>meo</strong></span> 
     </span>
     <span class='ocr_line' id='line_1_6' title="bbox 268 1182 1461 1272; baseline 0.008 -27"><span class='ocrx_word' id='word_1_41' title='bbox 268 1182 489 1265; x_wconf 89' lang='lat' dir='ltr'><strong>omniumque</strong></span> <span class='ocrx_word' id='word_1_42' title='bbox 512 1183 702 1248; x_wconf 89' lang='lat' dir='ltr'><strong>amantium</strong></span> <span class='ocrx_word' id='word_1_43' title='bbox 721 1182 821 1249; x_wconf 92' lang='lat' dir='ltr'><strong>illud.</strong></span> <span class='ocrx_word' id='word_1_44' title='bbox 870 1182 981 1251; x_wconf 86' lang='lat' dir='ltr'><strong>Oculo</strong></span> <span class='ocrx_word' id='word_1_45' title='bbox 1005 1187 1064 1268; x_wconf 93' lang='lat' dir='ltr'><strong>qui</strong></span> <span class='ocrx_word' id='word_1_46' title='bbox 1084 1186 1178 1252; x_wconf 86' lang='lat' dir='ltr'><strong>rides</strong></span> <span class='ocrx_word' id='word_1_47' title='bbox 1200 1193 1235 1252; x_wconf 89' lang='lat' dir='ltr'><strong>et</strong></span> <span class='ocrx_word' id='word_1_48' title='bbox 1255 1189 1348 1253; x_wconf 89' lang='lat' dir='ltr'><strong>auris</strong></span> <span class='ocrx_word' id='word_1_49' title='bbox 1370 1210 1461 1272; x_wconf 80' lang='lat' dir='ltr'><strong>quae</strong></span> 
     </span>
     <span class='ocr_line' id='line_1_7' title="bbox 266 1284 1462 1370; baseline 0.008 -23"><span class='ocrx_word' id='word_1_50' title='bbox 266 1285 381 1366; x_wconf 86' lang='lat' dir='ltr'><strong>audis,</strong></span> <span class='ocrx_word' id='word_1_51' title='bbox 404 1284 609 1350; x_wconf 85' lang='lat' dir='ltr'><strong>exaudime.</strong></span> <span class='ocrx_word' id='word_1_52' title='bbox 640 1285 717 1370; x_wconf 82' lang='lat' dir='ltr'><strong>Ego</strong></span> <span class='ocrx_word' id='word_1_53' title='bbox 735 1307 852 1351; x_wconf 84' lang='lat' dir='ltr'><strong>servus</strong></span> <span class='ocrx_word' id='word_1_54' title='bbox 869 1293 950 1352; x_wconf 89' lang='lat' dir='ltr'><strong>tuus</strong></span> <span class='ocrx_word' id='word_1_55' title='bbox 972 1287 1075 1352; x_wconf 89' lang='lat' dir='ltr'><strong>hodie</strong></span> <span class='ocrx_word' id='word_1_56' title='bbox 1097 1288 1288 1353; x_wconf 87' lang='lat' dir='ltr'><strong>humillime</strong></span> <span class='ocrx_word' id='word_1_57' title='bbox 1310 1296 1344 1353; x_wconf 90' lang='lat' dir='ltr'><strong>te</strong></span> <span class='ocrx_word' id='word_1_58' title='bbox 1359 1310 1462 1356; x_wconf 84' lang='lat' dir='ltr'><strong>vene·</strong></span> 
     </span>
     <span class='ocr_line' id='line_1_8' title="bbox 266 1387 1461 1468; baseline 0.008 -18"><span class='ocrx_word' id='word_1_59' title='bbox 266 1406 337 1468; x_wconf 85' lang='lat' dir='ltr'><strong>ror,</strong></span> <span class='ocrx_word' id='word_1_60' title='bbox 359 1392 395 1451; x_wconf 94' lang='lat' dir='ltr'><strong>et</strong></span> <span class='ocrx_word' id='word_1_61' title='bbox 415 1408 529 1451; x_wconf 89' lang='lat' dir='ltr'><strong>coram</strong></span> <span class='ocrx_word' id='word_1_62' title='bbox 552 1393 585 1451; x_wconf 90' lang='lat' dir='ltr'><strong>te</strong></span> <span class='ocrx_word' id='word_1_63' title='bbox 609 1387 769 1452; x_wconf 90' lang='lat' dir='ltr'><strong>lacrimas</strong></span> <span class='ocrx_word' id='word_1_64' title='bbox 786 1410 879 1454; x_wconf 88' lang='lat' dir='ltr'><strong>meas</strong></span> <span class='ocrx_word' id='word_1_65' title='bbox 897 1390 1047 1454; x_wconf 88' lang='lat' dir='ltr'><strong>otl&#39;uudo.</strong></span> <span class='ocrx_word' id='word_1_66' title='bbox 1078 1389 1131 1454; x_wconf 76' lang='lat' dir='ltr'><strong>&#39;ru</strong></span> <span class='ocrx_word' id='word_1_67' title='bbox 1155 1412 1191 1455; x_wconf 84' lang='lat' dir='ltr'><strong>es</strong></span> <span class='ocrx_word' id='word_1_68' title='bbox 1216 1392 1354 1456; x_wconf 90' lang='lat' dir='ltr'><strong>omniuo</strong></span> <span class='ocrx_word' id='word_1_69' title='bbox 1373 1391 1461 1459; x_wconf 84' lang='lat' dir='ltr'><strong>deus</strong></span> 
     </span>
     <span class='ocr_line' id='line_1_9' title="bbox 265 1488 1461 1577; baseline 0.006 -26"><span class='ocrx_word' id='word_1_70' title='bbox 265 1488 1461 1577; x_wconf 84' lang='lat' dir='ltr'><strong>meus,quemadmodummihisaepissimeretulitaugelus,praecipue</strong></span> 
     </span>
     <span class='ocr_line' id='line_1_10' title="bbox 265 1591 1462 1681; baseline 0.007 -27"><span class='ocrx_word' id='word_1_71' title='bbox 265 1595 381 1655; x_wconf 87' lang='lat' dir='ltr'><strong>autem</strong></span> <span class='ocrx_word' id='word_1_72' title='bbox 407 1613 447 1658; x_wconf 91' lang='lat' dir='ltr'><strong>eo</strong></span> <span class='ocrx_word' id='word_1_73' title='bbox 465 1591 521 1657; x_wconf 90' lang='lat' dir='ltr'><strong>die</strong></span> <span class='ocrx_word' id='word_1_74' title='bbox 540 1613 608 1676; x_wconf 93' lang='lat' dir='ltr'><strong>quo</strong></span> <span class='ocrx_word' id='word_1_75' title='bbox 627 1591 807 1659; x_wconf 83' lang='lat' dir='ltr'><strong>fluctuavit</strong></span> <span class='ocrx_word' id='word_1_76' title='bbox 828 1595 963 1659; x_wconf 89' lang='lat' dir='ltr'><strong>animus</strong></span> <span class='ocrx_word' id='word_1_77' title='bbox 983 1615 1080 1658; x_wconf 90' lang='lat' dir='ltr'><strong>meus</strong></span> <span class='ocrx_word' id='word_1_78' title='bbox 1098 1594 1367 1677; x_wconf 77' lang='lat' dir='ltr'><strong>cogitationibus</strong></span> <span class='ocrx_word' id='word_1_79' title='bbox 1383 1617 1462 1681; x_wconf 91' lang='lat' dir='ltr'><strong>per-</strong></span> 
     </span>
     <span class='ocr_line' id='line_1_11' title="bbox 243 1694 1460 1784; baseline 0.011 -30"><span class='ocrx_word' id='word_1_80' title='bbox 243 1750 245 1754; x_wconf 87' lang='lat'>.</span> <span class='ocrx_word' id='word_1_81' title='bbox 264 1695 373 1759; x_wconf 84' lang='lat' dir='ltr'><strong>versis</strong></span> <span class='ocrx_word' id='word_1_82' title='bbox 395 1694 438 1759; x_wconf 92' lang='lat' dir='ltr'><strong>ob</strong></span> <span class='ocrx_word' id='word_1_83' title='bbox 459 1717 581 1778; x_wconf 88' lang='lat' dir='ltr'><strong>puram</strong></span> <span class='ocrx_word' id='word_1_84' title='bbox 598 1700 655 1781; x_wconf 85' lang='lat' dir='ltr'><strong>(et)</strong></span> <span class='ocrx_word' id='word_1_85' title='bbox 672 1695 893 1762; x_wconf 87' lang='lat' dir='ltr'><strong>benedictam</strong></span> <span class='ocrx_word' id='word_1_86' title='bbox 912 1696 1060 1762; x_wconf 87' lang='lat' dir='ltr'><strong>Mariam</strong></span> <span class='ocrx_word' id='word_1_87' title='bbox 1083 1698 1117 1760; x_wconf 92' lang='lat' dir='ltr'><strong>in</strong></span> <span class='ocrx_word' id='word_1_88' title='bbox 1139 1703 1238 1763; x_wconf 88' lang='lat' dir='ltr'><strong>utero</strong></span> <span class='ocrx_word' id='word_1_89' title='bbox 1255 1704 1460 1784; x_wconf 84' lang='lat' dir='ltr'><strong>gestantem,</strong></span> 
     </span>
     <span class='ocr_line' id='line_1_12' title="bbox 265 1800 1461 1886; baseline 0.007 -24"><span class='ocrx_word' id='word_1_90' title='bbox 265 1817 438 1883; x_wconf 88' lang='lat' dir='ltr'><strong>quamquo</strong></span> <span class='ocrx_word' id='word_1_91' title='bbox 461 1821 525 1886; x_wconf 84' lang='lat' dir='ltr'><strong>ego</strong></span> <span class='ocrx_word' id='word_1_92' title='bbox 548 1808 681 1867; x_wconf 86' lang='lat' dir='ltr'><strong>secreto</strong></span> <span class='ocrx_word' id='word_1_93' title='bbox 704 1800 879 1867; x_wconf 83' lang='lat' dir='ltr'><strong>dimittere</strong></span> <span class='ocrx_word' id='word_1_94' title='bbox 903 1801 1107 1886; x_wconf 80' lang='lat' dir='ltr'><strong>cogitabam.</strong></span> <span class='ocrx_word' id='word_1_95' title='bbox 1153 1800 1252 1868; x_wconf 89' lang='lat' dir='ltr'><strong>Haec</strong></span> <span class='ocrx_word' id='word_1_96' title='bbox 1274 1822 1353 1868; x_wconf 84' lang='lat' dir='ltr'><strong>vero</strong></span> <span class='ocrx_word' id='word_1_97' title='bbox 1375 1803 1461 1870; x_wconf 91' lang='lat' dir='ltr'><strong>mihi</strong></span> 
     </span>
     <span class='ocr_line' id='line_1_13' title="bbox 265 1901 1460 1991; baseline 0.005 -23"><span class='ocrx_word' id='word_1_98' title='bbox 265 1901 448 1970; x_wconf 87' lang='lat' dir='ltr'><strong>meditanti</strong></span> <span class='ocrx_word' id='word_1_99' title='bbox 478 1926 558 1971; x_wconf 87' lang='lat' dir='ltr'><strong>eece</strong></span> <span class='ocrx_word' id='word_1_100' title='bbox 589 1926 782 1990; x_wconf 87' lang='lat' dir='ltr'><strong>apparuere</strong></span> <span class='ocrx_word' id='word_1_101' title='bbox 808 1928 871 1991; x_wconf 91' lang='lat' dir='ltr'><strong>per</strong></span> <span class='ocrx_word' id='word_1_102' title='bbox 896 1907 1049 1991; x_wconf 86' lang='lat' dir='ltr'><strong>quietem</strong></span> <span class='ocrx_word' id='word_1_103' title='bbox 1074 1906 1191 1991; x_wconf 86' lang='lat' dir='ltr'><strong>augeli</strong></span> <span class='ocrx_word' id='word_1_104' title='bbox 1216 1907 1346 1973; x_wconf 87' lang='lat' dir='ltr'><strong>domiui</strong></span> <span class='ocrx_word' id='word_1_105' title='bbox 1373 1909 1460 1974; x_wconf 89' lang='lat' dir='ltr'><strong>miro</strong></span> 
     </span>
     <span class='ocr_line' id='line_1_14' title="bbox 263 2009 1462 2095; baseline 0.003 -22"><span class='ocrx_word' id='word_1_106' title='bbox 263 2009 427 2092; x_wconf 88' lang='lat' dir='ltr'><strong>mysterio</strong></span> <span class='ocrx_word' id='word_1_107' title='bbox 445 2009 601 2076; x_wconf 90' lang='lat' dir='ltr'><strong>dicentes</strong></span> <span class='ocrx_word' id='word_1_108' title='bbox 618 2009 719 2075; x_wconf 91' lang='lat' dir='ltr'><strong>mihi:</strong></span> <span class='ocrx_word' id='word_1_109' title='bbox 753 2009 949 2095; x_wconf 89' lang='lat' dir='ltr'><strong>OIosephe</strong></span> <span class='ocrx_word' id='word_1_110' title='bbox 967 2010 1017 2076; x_wconf 87' lang='lat' dir='ltr'><strong>fili</strong></span> <span class='ocrx_word' id='word_1_111' title='bbox 1032 2009 1156 2093; x_wconf 87' lang='lat' dir='ltr'><strong>David,</strong></span> <span class='ocrx_word' id='word_1_112' title='bbox 1175 2032 1216 2076; x_wconf 86' lang='lat' dir='ltr'><strong>ne</strong></span> <span class='ocrx_word' id='word_1_113' title='bbox 1235 2013 1357 2076; x_wconf 88' lang='lat' dir='ltr'><strong>timeas</strong></span> <span class='ocrx_word' id='word_1_114' title='bbox 1373 2013 1462 2077; x_wconf 89' lang='lat' dir='ltr'><strong>aeci-</strong></span> 
     </span>
     <span class='ocr_line' id='line_1_15' title="bbox 263 2109 1463 2197; baseline 0.003 -21"><span class='ocrx_word' id='word_1_115' title='bbox 263 2131 347 2194; x_wconf 86' lang='lat' dir='ltr'><strong>pere</strong></span> <span class='ocrx_word' id='word_1_116' title='bbox 362 2109 510 2177; x_wconf 90' lang='lat' dir='ltr'><strong>Mariam</strong></span> <span class='ocrx_word' id='word_1_117' title='bbox 527 2134 689 2196; x_wconf 86' lang='lat' dir='ltr'><strong>sponsam</strong></span> <span class='ocrx_word' id='word_1_118' title='bbox 706 2120 815 2196; x_wconf 87' lang='lat' dir='ltr'><strong>tuam,</strong></span> <span class='ocrx_word' id='word_1_119' title='bbox 839 2134 952 2197; x_wconf 87' lang='lat' dir='ltr'><strong>neque</strong></span> <span class='ocrx_word' id='word_1_120' title='bbox 970 2114 1206 2194; x_wconf 88' lang='lat' dir='ltr'><strong>contristeris,</strong></span> <span class='ocrx_word' id='word_1_121' title='bbox 1228 2135 1340 2196; x_wconf 90' lang='lat' dir='ltr'><strong>neque</strong></span> <span class='ocrx_word' id='word_1_122' title='bbox 1357 2113 1463 2179; x_wconf 83' lang='lat' dir='ltr'><strong>verba</strong></span> 
     </span>
     <span class='ocr_line' id='line_1_16' title="bbox 263 2211 1460 2299; baseline 0.004 -23"><span class='ocrx_word' id='word_1_123' title='bbox 263 2211 430 2278; x_wconf 89' lang='lat' dir='ltr'><strong>indecora</strong></span> <span class='ocrx_word' id='word_1_124' title='bbox 450 2213 607 2298; x_wconf 89' lang='lat' dir='ltr'><strong>loquaris</strong></span> <span class='ocrx_word' id='word_1_125' title='bbox 630 2215 671 2280; x_wconf 90' lang='lat' dir='ltr'><strong>de</strong></span> <span class='ocrx_word' id='word_1_126' title='bbox 695 2217 924 2299; x_wconf 86' lang='lat' dir='ltr'><strong>conceptione</strong></span> <span class='ocrx_word' id='word_1_127' title='bbox 948 2217 1039 2296; x_wconf 86' lang='lat' dir='ltr'><strong>eius,</strong></span> <span class='ocrx_word' id='word_1_128' title='bbox 1066 2217 1149 2298; x_wconf 86' lang='lat' dir='ltr'><strong>quia</strong></span> <span class='ocrx_word' id='word_1_129' title='bbox 1173 2214 1314 2299; x_wconf 86' lang='lat' dir='ltr'><strong>gravida</strong></span> <span class='ocrx_word' id='word_1_130' title='bbox 1339 2221 1393 2281; x_wconf 92' lang='lat' dir='ltr'><strong>est</strong></span> <span class='ocrx_word' id='word_1_131' title='bbox 1417 2216 1460 2282; x_wconf 92' lang='lat' dir='ltr'><strong>de</strong></span> 
     </span>
     <span class='ocr_line' id='line_1_17' title="bbox 264 2317 1460 2402; baseline 0.003 -21"><span class='ocrx_word' id='word_1_132' title='bbox 264 2317 389 2400; x_wconf 90' lang='lat' dir='ltr'><strong>spiritu</strong></span> <span class='ocrx_word' id='word_1_133' title='bbox 413 2324 533 2383; x_wconf 90' lang='lat' dir='ltr'><strong>sancto</strong></span> <span class='ocrx_word' id='word_1_134' title='bbox 560 2325 595 2384; x_wconf 90' lang='lat' dir='ltr'><strong>et</strong></span> <span class='ocrx_word' id='word_1_135' title='bbox 617 2320 732 2402; x_wconf 86' lang='lat' dir='ltr'><strong>pariet</strong></span> <span class='ocrx_word' id='word_1_136' title='bbox 751 2319 859 2383; x_wconf 89' lang='lat' dir='ltr'><strong>filium</strong></span> <span class='ocrx_word' id='word_1_137' title='bbox 882 2319 981 2384; x_wconf 90' lang='lat' dir='ltr'><strong>cuius</strong></span> <span class='ocrx_word' id='word_1_138' title='bbox 1005 2338 1129 2382; x_wconf 88' lang='lat' dir='ltr'><strong>nomen</strong></span> <span class='ocrx_word' id='word_1_139' title='bbox 1146 2318 1328 2382; x_wconf 87' lang='lat' dir='ltr'><strong>vocabitur</strong></span> <span class='ocrx_word' id='word_1_140' title='bbox 1342 2317 1460 2384; x_wconf 89' lang='lat' dir='ltr'><strong>Iesus:</strong></span> 
     </span>
     <span class='ocr_line' id='line_1_18' title="bbox 263 2418 1460 2506; baseline 0.004 -23"><span class='ocrx_word' id='word_1_141' title='bbox 263 2418 323 2484; x_wconf 91' lang='lat' dir='ltr'><strong>ille</strong></span> <span class='ocrx_word' id='word_1_142' title='bbox 347 2421 437 2486; x_wconf 92' lang='lat' dir='ltr'><strong>euim</strong></span> <span class='ocrx_word' id='word_1_143' title='bbox 455 2420 585 2486; x_wconf 85' lang='lat' dir='ltr'><strong>salvum</strong></span> <span class='ocrx_word' id='word_1_144' title='bbox 603 2420 709 2487; x_wconf 85' lang='lat' dir='ltr'><strong>faciet</strong></span> <span class='ocrx_word' id='word_1_145' title='bbox 724 2423 892 2506; x_wconf 91' lang='lat' dir='ltr'><strong>populum</strong></span> <span class='ocrx_word' id='word_1_146' title='bbox 909 2442 1010 2486; x_wconf 90' lang='lat' dir='ltr'><strong>suum</strong></span> <span class='ocrx_word' id='word_1_147' title='bbox 1031 2443 1052 2486; x_wconf 96' lang='lat' dir='ltr'><strong>a</strong></span> <span class='ocrx_word' id='word_1_148' title='bbox 1066 2422 1220 2504; x_wconf 84' lang='lat' dir='ltr'><strong>peccatis</strong></span> <span class='ocrx_word' id='word_1_149' title='bbox 1241 2441 1370 2486; x_wconf 89' lang='lat' dir='ltr'><strong>eorum.</strong></span> <span class='ocrx_word' id='word_1_150' title='bbox 1405 2420 1460 2488; x_wconf 89' lang='lat' dir='ltr'><strong>Ne</strong></span> 
     </span>
     <span class='ocr_line' id='line_1_19' title="bbox 262 2524 1460 2609; baseline 0.001 -21"><span class='ocrx_word' id='word_1_151' title='bbox 262 2529 378 2589; x_wconf 89' lang='lat' dir='ltr'><strong>autem</strong></span> <span class='ocrx_word' id='word_1_152' title='bbox 396 2526 438 2591; x_wconf 94' lang='lat' dir='ltr'><strong>ob</strong></span> <span class='ocrx_word' id='word_1_153' title='bbox 456 2525 546 2592; x_wconf 89' lang='lat' dir='ltr'><strong>hauc</strong></span> <span class='ocrx_word' id='word_1_154' title='bbox 563 2547 702 2592; x_wconf 88' lang='lat' dir='ltr'><strong>causam</strong></span> <span class='ocrx_word' id='word_1_155' title='bbox 718 2526 803 2591; x_wconf 90' lang='lat' dir='ltr'><strong>mibi</strong></span> <span class='ocrx_word' id='word_1_156' title='bbox 821 2527 908 2592; x_wconf 89' lang='lat' dir='ltr'><strong>male</strong></span> <span class='ocrx_word' id='word_1_157' title='bbox 927 2526 1061 2609; x_wconf 88' lang='lat' dir='ltr'><strong>cupias,</strong></span> <span class='ocrx_word' id='word_1_158' title='bbox 1088 2547 1106 2590; x_wconf 93' lang='lat'>0</span> <span class='ocrx_word' id='word_1_159' title='bbox 1125 2524 1279 2590; x_wconf 87' lang='lat' dir='ltr'><strong>domine:</strong></span> <span class='ocrx_word' id='word_1_160' title='bbox 1305 2525 1460 2609; x_wconf 88' lang='lat' dir='ltr'><strong>ignoravi</strong></span> 
     </span>
     <span class='ocr_line' id='line_1_20' title="bbox 263 2629 1460 2716; baseline 0.002 -24"><span class='ocrx_word' id='word_1_161' title='bbox 263 2629 354 2693; x_wconf 90' lang='lat' dir='ltr'><strong>enim</strong></span> <span class='ocrx_word' id='word_1_162' title='bbox 365 2631 565 2713; x_wconf 83' lang='lat' dir='ltr'><strong>mysterium</strong></span> <span class='ocrx_word' id='word_1_163' title='bbox 577 2632 769 2697; x_wconf 84' lang='lat' dir='ltr'><strong>nativitatis</strong></span> <span class='ocrx_word' id='word_1_164' title='bbox 781 2638 861 2697; x_wconf 88' lang='lat' dir='ltr'><strong>tuae</strong></span> <span class='ocrx_word' id='word_1_165' title='bbox 873 2632 906 2716; x_wconf 76' lang='lat'><strong>⁶).</strong></span> <span class='ocrx_word' id='word_1_166' title='bbox 931 2629 1111 2696; x_wconf 88' lang='lat' dir='ltr'><strong>Recordor</strong></span> <span class='ocrx_word' id='word_1_167' title='bbox 1121 2631 1234 2711; x_wconf 87' lang='lat' dir='ltr'><strong>etiam,</strong></span> <span class='ocrx_word' id='word_1_168' title='bbox 1251 2630 1298 2695; x_wconf 89' lang='lat' dir='ltr'><strong>mi</strong></span> <span class='ocrx_word' id='word_1_169' title='bbox 1309 2629 1460 2713; x_wconf 84' lang='lat' dir='ltr'><strong>domine,</strong></span> 
     </span>
     <span class='ocr_line' id='line_1_21' title="bbox 262 2730 1461 2819; baseline 0.003 -23"><span class='ocrx_word' id='word_1_170' title='bbox 262 2730 333 2797; x_wconf 92' lang='lat' dir='ltr'><strong>diei</strong></span> <span class='ocrx_word' id='word_1_171' title='bbox 355 2734 457 2800; x_wconf 90' lang='lat' dir='ltr'><strong>istius</strong></span> <span class='ocrx_word' id='word_1_172' title='bbox 481 2757 558 2801; x_wconf 93' lang='lat' dir='ltr'><strong>cum</strong></span> <span class='ocrx_word' id='word_1_173' title='bbox 579 2758 694 2802; x_wconf 88' lang='lat' dir='ltr'><strong>morsu</strong></span> <span class='ocrx_word' id='word_1_174' title='bbox 718 2737 892 2819; x_wconf 85' lang='lat' dir='ltr'><strong>serpentis</strong></span> <span class='ocrx_word' id='word_1_175' title='bbox 909 2756 997 2818; x_wconf 88' lang='lat' dir='ltr'><strong>puer</strong></span> <span class='ocrx_word' id='word_1_176' title='bbox 1017 2736 1083 2799; x_wconf 89' lang='lat' dir='ltr'><strong>iste</strong></span> <span class='ocrx_word' id='word_1_177' title='bbox 1102 2734 1300 2800; x_wconf 87' lang='lat' dir='ltr'><strong>necabatur.</strong></span> <span class='ocrx_word' id='word_1_178' title='bbox 1332 2733 1461 2801; x_wconf 87' lang='lat' dir='ltr'><strong>Volue-</strong></span> 
     </span>
     <span class='ocr_line' id='line_1_22' title="bbox 263 2837 1461 2924; baseline 0.002 -25"><span class='ocrx_word' id='word_1_179' title='bbox 263 2843 345 2902; x_wconf 89' lang='lat' dir='ltr'><strong>runt</strong></span> <span class='ocrx_word' id='word_1_180' title='bbox 355 2841 670 2924; x_wconf 89' lang='lat' dir='ltr'><strong>autempropinqui</strong></span> <span class='ocrx_word' id='word_1_181' title='bbox 688 2841 763 2905; x_wconf 88' lang='lat' dir='ltr'><strong>eius</strong></span> <span class='ocrx_word' id='word_1_182' title='bbox 775 2839 912 2904; x_wconf 88' lang='lat' dir='ltr'><strong>tradere</strong></span> <span class='ocrx_word' id='word_1_183' title='bbox 925 2846 959 2904; x_wconf 94' lang='lat' dir='ltr'><strong>te</strong></span> <span class='ocrx_word' id='word_1_184' title='bbox 969 2837 1117 2920; x_wconf 83' lang='lat' dir='ltr'><strong>Herodi,</strong></span> <span class='ocrx_word' id='word_1_185' title='bbox 1135 2837 1292 2902; x_wconf 90' lang='lat' dir='ltr'><strong>dicentes</strong></span> <span class='ocrx_word' id='word_1_186' title='bbox 1303 2845 1336 2903; x_wconf 90' lang='lat' dir='ltr'><strong>te</strong></span> <span class='ocrx_word' id='word_1_187' title='bbox 1354 2838 1461 2903; x_wconf 90' lang='lat' dir='ltr'><strong>inter·</strong></span> 
     </span>
     <span class='ocr_line' id='line_1_23' title="bbox 263 2940 1459 3009; baseline 0 -5"><span class='ocrx_word' id='word_1_188' title='bbox 263 2940 388 3006; x_wconf 86' lang='lat' dir='ltr'><strong>fecisse</strong></span> <span class='ocrx_word' id='word_1_189' title='bbox 406 2941 519 3007; x_wconf 91' lang='lat' dir='ltr'><strong>illum:</strong></span> <span class='ocrx_word' id='word_1_190' title='bbox 538 2942 600 3008; x_wconf 90' lang='lat' dir='ltr'><strong>sed</strong></span> <span class='ocrx_word' id='word_1_191' title='bbox 617 2944 864 3009; x_wconf 88' lang='lat' dir='ltr'><strong>resuscitatum</strong></span> <span class='ocrx_word' id='word_1_192' title='bbox 880 2943 1061 3007; x_wconf 89' lang='lat' dir='ltr'><strong>amortuis</strong></span> <span class='ocrx_word' id='word_1_193' title='bbox 1079 2962 1155 3006; x_wconf 90' lang='lat' dir='ltr'><strong>eum</strong></span> <span class='ocrx_word' id='word_1_194' title='bbox 1172 2941 1244 3006; x_wconf 91' lang='lat' dir='ltr'><strong>illis</strong></span> <span class='ocrx_word' id='word_1_195' title='bbox 1261 2940 1459 3007; x_wconf 85' lang='lat' dir='ltr'><strong>reddidisti.</strong></span> 
     </span>
     <span class='ocr_line' id='line_1_24' title="bbox 262 3043 1504 3131; baseline 0.002 -23"><span class='ocrx_word' id='word_1_196' title='bbox 262 3043 362 3110; x_wconf 77' lang='lat' dir='ltr'><strong>Tune</strong></span> <span class='ocrx_word' id='word_1_197' title='bbox 384 3066 448 3130; x_wconf 84' lang='lat' dir='ltr'><strong>ego</strong></span> <span class='ocrx_word' id='word_1_198' title='bbox 465 3046 636 3113; x_wconf 88' lang='lat' dir='ltr'><strong>accedens</strong></span> <span class='ocrx_word' id='word_1_199' title='bbox 661 3052 695 3113; x_wconf 89' lang='lat' dir='ltr'><strong>et</strong></span> <span class='ocrx_word' id='word_1_200' title='bbox 710 3048 885 3131; x_wconf 88' lang='lat' dir='ltr'><strong>prehensa</strong></span> <span class='ocrx_word' id='word_1_201' title='bbox 900 3068 1003 3111; x_wconf 91' lang='lat' dir='ltr'><strong>manu</strong></span> <span class='ocrx_word' id='word_1_202' title='bbox 1026 3051 1088 3109; x_wconf 88' lang='lat' dir='ltr'><strong>tua</strong></span> <span class='ocrx_word' id='word_1_203' title='bbox 1104 3045 1190 3110; x_wconf 86' lang='lat' dir='ltr'><strong>dixi:</strong></span> <span class='ocrx_word' id='word_1_204' title='bbox 1222 3044 1273 3110; x_wconf 89' lang='lat' dir='ltr'><strong>Mi</strong></span> <span class='ocrx_word' id='word_1_205' title='bbox 1291 3044 1355 3127; x_wconf 87' lang='lat' dir='ltr'><strong>fili,</strong></span> <span class='ocrx_word' id='word_1_206' title='bbox 1379 3066 1460 3110; x_wconf 80' lang='lat' dir='ltr'><strong>cave</strong></span> <span class='ocrx_word' id='word_1_207' title='bbox 1498 3069 1504 3080; x_wconf 90' lang='lat'><strong>·</strong></span> 
     </span>
     <span class='ocr_line' id='line_1_25' title="bbox 264 3147 1462 3235; baseline 0.003 -23"><span class='ocrx_word' id='word_1_208' title='bbox 264 3147 339 3213; x_wconf 94' lang='lat' dir='ltr'><strong>tibi.</strong></span> <span class='ocrx_word' id='word_1_209' title='bbox 371 3147 422 3213; x_wconf 88' lang='lat' dir='ltr'><strong>At</strong></span> <span class='ocrx_word' id='word_1_210' title='bbox 437 3155 474 3214; x_wconf 92' lang='lat' dir='ltr'><strong>tu</strong></span> <span class='ocrx_word' id='word_1_211' title='bbox 492 3150 706 3235; x_wconf 88' lang='lat' dir='ltr'><strong>respondisti</strong></span> <span class='ocrx_word' id='word_1_212' title='bbox 724 3150 821 3215; x_wconf 81' lang='lat' dir='ltr'><strong>milri:</strong></span> <span class='ocrx_word' id='word_1_213' title='bbox 853 3151 979 3217; x_wconf 88' lang='lat' dir='ltr'><strong>Nounc</strong></span> <span class='ocrx_word' id='word_1_214' title='bbox 998 3157 1034 3215; x_wconf 91' lang='lat' dir='ltr'><strong>tu</strong></span> <span class='ocrx_word' id='word_1_215' title='bbox 1057 3172 1093 3215; x_wconf 91' lang='lat' dir='ltr'><strong>es</strong></span> <span class='ocrx_word' id='word_1_216' title='bbox 1111 3156 1322 3234; x_wconf 78' lang='lat' dir='ltr'><strong>paternione</strong></span> <span class='ocrx_word' id='word_1_217' title='bbox 1339 3170 1462 3215; x_wconf 85' lang='lat' dir='ltr'><strong>secuu-</strong></span> 
     </span>
     <span class='ocr_line' id='line_1_26' title="bbox 264 3250 1460 3339; baseline 0.003 -23"><span class='ocrx_word' id='word_1_218' title='bbox 264 3250 346 3317; x_wconf 91' lang='lat' dir='ltr'><strong>dum</strong></span> <span class='ocrx_word' id='word_1_219' title='bbox 363 3251 522 3319; x_wconf 72' lang='lat' dir='ltr'><strong>carneml</strong></span> <span class='ocrx_word' id='word_1_220' title='bbox 542 3255 674 3321; x_wconf 89' lang='lat' dir='ltr'><strong>docebo</strong></span> <span class='ocrx_word' id='word_1_221' title='bbox 691 3261 724 3321; x_wconf 88' lang='lat' dir='ltr'><strong>te</strong></span> <span class='ocrx_word' id='word_1_222' title='bbox 743 3256 820 3338; x_wconf 89' lang='lat' dir='ltr'><strong>quis</strong></span> <span class='ocrx_word' id='word_1_223' title='bbox 838 3278 901 3339; x_wconf 83' lang='lat' dir='ltr'><strong>ogo</strong></span> <span class='ocrx_word' id='word_1_224' title='bbox 920 3277 1005 3320; x_wconf 90' lang='lat' dir='ltr'><strong>sum.</strong></span> <span class='ocrx_word' id='word_1_225' title='bbox 1030 3254 1133 3320; x_wconf 87' lang='lat' dir='ltr'><strong>Nunc</strong></span> <span class='ocrx_word' id='word_1_226' title='bbox 1150 3255 1267 3339; x_wconf 81' lang='lat' dir='ltr'><strong>igitur,</strong></span> <span class='ocrx_word' id='word_1_227' title='bbox 1285 3274 1304 3318; x_wconf 93' lang='lat' dir='ltr'><strong>o</strong></span> <span class='ocrx_word' id='word_1_228' title='bbox 1322 3252 1460 3319; x_wconf 90' lang='lat' dir='ltr'><strong>domiue</strong></span> 
     </span>
     <span class='ocr_line' id='line_1_27' title="bbox 264 3356 1462 3441; baseline 0.001 -21"><span class='ocrx_word' id='word_1_229' title='bbox 264 3363 300 3421; x_wconf 89' lang='lat' dir='ltr'><strong>ct</strong></span> <span class='ocrx_word' id='word_1_230' title='bbox 310 3356 395 3422; x_wconf 89' lang='lat' dir='ltr'><strong>deus</strong></span> <span class='ocrx_word' id='word_1_231' title='bbox 407 3358 463 3440; x_wconf 88' lang='lat' dir='ltr'><strong>mi,</strong></span> <span class='ocrx_word' id='word_1_232' title='bbox 481 3380 523 3423; x_wconf 90' lang='lat' dir='ltr'><strong>ne</strong></span> <span class='ocrx_word' id='word_1_233' title='bbox 540 3359 624 3424; x_wconf 88' lang='lat' dir='ltr'><strong>mihi</strong></span> <span class='ocrx_word' id='word_1_234' title='bbox 636 3381 843 3425; x_wconf 87' lang='lat' dir='ltr'><strong>succenseas</strong></span> <span class='ocrx_word' id='word_1_235' title='bbox 855 3360 907 3424; x_wconf 85' lang='lat' dir='ltr'><strong>vel</strong></span> <span class='ocrx_word' id='word_1_236' title='bbox 920 3359 1129 3424; x_wconf 87' lang='lat' dir='ltr'><strong>condemnes</strong></span> <span class='ocrx_word' id='word_1_237' title='bbox 1140 3380 1193 3423; x_wconf 90' lang='lat' dir='ltr'><strong>mo</strong></span> <span class='ocrx_word' id='word_1_238' title='bbox 1205 3365 1349 3441; x_wconf 88' lang='lat' dir='ltr'><strong>propter</strong></span> <span class='ocrx_word' id='word_1_239' title='bbox 1364 3358 1462 3424; x_wconf 91' lang='lat' dir='ltr'><strong>illam</strong></span> 
     </span>
     <span class='ocr_line' id='line_1_28' title="bbox 264 3459 1461 3545; baseline 0.001 -21"><span class='ocrx_word' id='word_1_240' title='bbox 264 3459 394 3525; x_wconf 91' lang='lat' dir='ltr'><strong>horam.</strong></span> <span class='ocrx_word' id='word_1_241' title='bbox 417 3461 493 3545; x_wconf 82' lang='lat' dir='ltr'><strong>Ego</strong></span> <span class='ocrx_word' id='word_1_242' title='bbox 511 3483 586 3527; x_wconf 88' lang='lat' dir='ltr'><strong>sum</strong></span> <span class='ocrx_word' id='word_1_243' title='bbox 603 3484 721 3528; x_wconf 86' lang='lat' dir='ltr'><strong>servus</strong></span> <span class='ocrx_word' id='word_1_244' title='bbox 737 3471 818 3528; x_wconf 90' lang='lat' dir='ltr'><strong>tuus</strong></span> <span class='ocrx_word' id='word_1_245' title='bbox 837 3471 872 3527; x_wconf 92' lang='lat' dir='ltr'><strong>et</strong></span> <span class='ocrx_word' id='word_1_246' title='bbox 888 3463 980 3527; x_wconf 91' lang='lat' dir='ltr'><strong>filius</strong></span> <span class='ocrx_word' id='word_1_247' title='bbox 997 3463 1146 3528; x_wconf 88' lang='lat' dir='ltr'><strong>ancillae</strong></span> <span class='ocrx_word' id='word_1_248' title='bbox 1165 3470 1260 3541; x_wconf 82' lang='lat' dir='ltr'><strong>tuae3</strong></span> <span class='ocrx_word' id='word_1_249' title='bbox 1277 3469 1405 3545; x_wconf 85' lang='lat' dir='ltr'><strong>tuvero</strong></span> <span class='ocrx_word' id='word_1_250' title='bbox 1423 3483 1461 3525; x_wconf 90' lang='lat' dir='ltr'><strong>cs</strong></span> 
     </span>
     <span class='ocr_line' id='line_1_29' title="bbox 265 3562 1410 3648; baseline 0.001 -20"><span class='ocrx_word' id='word_1_251' title='bbox 265 3562 425 3629; x_wconf 90' lang='lat' dir='ltr'><strong>dominus</strong></span> <span class='ocrx_word' id='word_1_252' title='bbox 442 3585 550 3648; x_wconf 88' lang='lat' dir='ltr'><strong>meus,</strong></span> <span class='ocrx_word' id='word_1_253' title='bbox 568 3566 653 3631; x_wconf 91' lang='lat' dir='ltr'><strong>deus</strong></span> <span class='ocrx_word' id='word_1_254' title='bbox 671 3572 706 3630; x_wconf 92' lang='lat' dir='ltr'><strong>et</strong></span> <span class='ocrx_word' id='word_1_255' title='bbox 722 3573 876 3631; x_wconf 82' lang='lat' dir='ltr'><strong>servator</strong></span> <span class='ocrx_word' id='word_1_256' title='bbox 893 3586 999 3647; x_wconf 88' lang='lat' dir='ltr'><strong>meus,</strong></span> <span class='ocrx_word' id='word_1_257' title='bbox 1018 3565 1111 3630; x_wconf 91' lang='lat' dir='ltr'><strong>filius</strong></span> <span class='ocrx_word' id='word_1_258' title='bbox 1129 3564 1186 3628; x_wconf 86' lang='lat' dir='ltr'><strong>dei</strong></span> <span class='ocrx_word' id='word_1_259' title='bbox 1204 3565 1410 3629; x_wconf 86' lang='lat' dir='ltr'><strong>certissime.</strong></span> 
     </span>
    </p>
   </div>
   <div class='ocr_carea' id='block_1_3' title="bbox 720 3744 1003 3816">
    <p class='ocr_par' dir='ltr' id='par_1_3' title="bbox 720 3744 1003 3816">
     <span class='ocr_line' id='line_1_30' title="bbox 720 3744 1003 3816; baseline -0.004 -4"><span class='ocrx_word' id='word_1_260' title='bbox 720 3744 840 3812; x_wconf 77' lang='lat' dir='ltr'><strong>Oxrur</strong></span> <span class='ocrx_word' id='word_1_261' title='bbox 862 3744 1003 3816; x_wconf 80' lang='lat' dir='ltr'>XVIH.</span> 
     </span>
    </p>
   </div>
   <div class='ocr_carea' id='block_1_4' title="bbox 264 3874 1459 4066">
    <p class='ocr_par' dir='ltr' id='par_1_4' title="bbox 264 3874 1459 4066">
     <span class='ocr_line' id='line_1_31' title="bbox 349 3874 1457 3961; baseline -0.003 -20"><span class='ocrx_word' id='word_1_262' title='bbox 349 3875 449 3941; x_wconf 84' lang='lat' dir='ltr'><strong>Haec</strong></span> <span class='ocrx_word' id='word_1_263' title='bbox 465 3877 525 3942; x_wconf 94' lang='lat' dir='ltr'><strong>ubi</strong></span> <span class='ocrx_word' id='word_1_264' title='bbox 542 3877 677 3942; x_wconf 87' lang='lat' dir='ltr'><strong>dixerat</strong></span> <span class='ocrx_word' id='word_1_265' title='bbox 691 3883 792 3961; x_wconf 83' lang='lat' dir='ltr'><strong>pater</strong></span> <span class='ocrx_word' id='word_1_266' title='bbox 807 3898 903 3941; x_wconf 92' lang='lat' dir='ltr'><strong>meus</strong></span> <span class='ocrx_word' id='word_1_267' title='bbox 919 3874 1103 3959; x_wconf 88' lang='lat' dir='ltr'><strong>Iosephus,</strong></span> <span class='ocrx_word' id='word_1_268' title='bbox 1123 3874 1205 3939; x_wconf 86' lang='lat' dir='ltr'><strong>llere</strong></span> <span class='ocrx_word' id='word_1_269' title='bbox 1223 3876 1371 3958; x_wconf 90' lang='lat' dir='ltr'><strong>amplius</strong></span> <span class='ocrx_word' id='word_1_270' title='bbox 1390 3896 1457 3939; x_wconf 91' lang='lat' dir='ltr'><strong>uon</strong></span> 
     </span>
     <span class='ocr_line' id='line_1_32' title="bbox 264 3976 1459 4066; baseline -0.003 -22"><span class='ocrx_word' id='word_1_271' title='bbox 264 3981 389 4062; x_wconf 89' lang='lat' dir='ltr'><strong>potuit.</strong></span> <span class='ocrx_word' id='word_1_272' title='bbox 424 3980 472 4045; x_wconf 82' lang='lat' dir='ltr'><strong>Et</strong></span> <span class='ocrx_word' id='word_1_273' title='bbox 492 3982 655 4066; x_wconf 87' lang='lat' dir='ltr'><strong>conspexi</strong></span> <span class='ocrx_word' id='word_1_274' title='bbox 678 3986 823 4046; x_wconf 88' lang='lat' dir='ltr'><strong>mortem</strong></span> <span class='ocrx_word' id='word_1_275' title='bbox 843 3981 911 4044; x_wconf 89' lang='lat' dir='ltr'><strong>iam</strong></span> <span class='ocrx_word' id='word_1_276' title='bbox 933 3980 1001 4062; x_wconf 93' lang='lat' dir='ltr'><strong>ipsi</strong></span> <span class='ocrx_word' id='word_1_277' title='bbox 1022 3978 1266 4043; x_wconf 89' lang='lat' dir='ltr'><strong>dominantem.</strong></span> <span class='ocrx_word' id='word_1_278' title='bbox 1304 3976 1459 4061; x_wconf 85' lang='lat' dir='ltr'><strong>Surgens</strong></span> 
     </span>
    </p>
   </div>
   <div class='ocr_carea' id='block_1_5' title="bbox 249 4169 1462 4842">
    <p class='ocr_par' dir='ltr' id='par_1_5' title="bbox 249 4169 1462 4842">
     <span class='ocr_line' id='line_1_33' title="bbox 333 4169 1461 4238; baseline -0.004 -18"><span class='ocrx_word' id='word_1_279' title='bbox 333 4170 360 4234; x_wconf 82' lang='lat'><strong>5)</strong></span> <span class='ocrx_word' id='word_1_280' title='bbox 379 4171 472 4238; x_wconf 74' lang='lat' dir='ltr'><strong>Pergit</strong></span> <span class='ocrx_word' id='word_1_281' title='bbox 484 4174 571 4238; x_wconf 78' lang='lat' dir='ltr'><strong>Zoegu</strong></span> <span class='ocrx_word' id='word_1_282' title='bbox 588 4174 615 4222; x_wconf 91' lang='lat' dir='ltr'><strong>in</strong></span> <span class='ocrx_word' id='word_1_283' title='bbox 635 4173 786 4223; x_wconf 82' lang='lat' dir='ltr'><strong>exhibendo</strong></span> <span class='ocrx_word' id='word_1_284' title='bbox 804 4171 925 4221; x_wconf 72' lang='lat' dir='ltr'><strong>Sehidici</strong></span> <span class='ocrx_word' id='word_1_285' title='bbox 944 4172 1006 4219; x_wconf 83' lang='lat' dir='ltr'><strong>libri</strong></span> <span class='ocrx_word' id='word_1_286' title='bbox 1025 4174 1197 4235; x_wconf 78' lang='lat' dir='ltr'><strong>argumente:</strong></span> <span class='ocrx_word' id='word_1_287' title='bbox 1227 4170 1302 4218; x_wconf 77' lang='lat' dir='ltr'><strong>Venit</strong></span> <span class='ocrx_word' id='word_1_288' title='bbox 1318 4169 1389 4217; x_wconf 73' lang='lat' dir='ltr'><strong>Iesus</strong></span> <span class='ocrx_word' id='word_1_289' title='bbox 1406 4185 1461 4218; x_wconf 71' lang='lat' dir='ltr'><strong>ecus</strong></span> 
     </span>
     <span class='ocr_line' id='line_1_34' title="bbox 249 4245 1460 4323; baseline -0.003 -17"><span class='ocrx_word' id='word_1_290' title='bbox 249 4245 448 4307; x_wconf 64' lang='lat' dir='ltr'><strong>&#39;emonam</strong></span> <span class='ocrx_word' id='word_1_291' title='bbox 475 4259 612 4323; x_wconf 65' lang='lat' dir='ltr'><strong>supplicat</strong></span> <span class='ocrx_word' id='word_1_292' title='bbox 623 4259 714 4320; x_wconf 73' lang='lat' dir='ltr'><strong>Ioseph</strong></span> <span class='ocrx_word' id='word_1_293' title='bbox 726 4258 816 4315; x_wconf 72' lang='lat' dir='ltr'><strong>Iecur»,</strong></span> <span class='ocrx_word' id='word_1_294' title='bbox 829 4257 954 4305; x_wconf 77' lang='lat' dir='ltr'><strong>dominam</strong></span> <span class='ocrx_word' id='word_1_295' title='bbox 966 4271 1036 4303; x_wconf 68' lang='lat' dir='ltr'><strong>mum</strong></span> <span class='ocrx_word' id='word_1_296' title='bbox 1048 4253 1191 4318; x_wconf 74' lang='lat' dir='ltr'><strong>appellum,</strong></span> <span class='ocrx_word' id='word_1_297' title='bbox 1208 4270 1291 4317; x_wconf 69' lang='lat' dir='ltr'><strong>repens</strong></span> <span class='ocrx_word' id='word_1_298' title='bbox 1302 4270 1395 4312; x_wconf 73' lang='lat' dir='ltr'><strong>cmm,</strong></span> <span class='ocrx_word' id='word_1_299' title='bbox 1408 4253 1460 4302; x_wconf 76' lang='lat' dir='ltr'><strong>eal·</strong></span> 
     </span>
     <span class='ocr_line' id='line_1_35' title="bbox 263 4340 1461 4406; baseline -0.004 -15"><span class='ocrx_word' id='word_1_300' title='bbox 263 4347 388 4402; x_wconf 71' lang='lat' dir='ltr'><strong>veterent,</strong></span> <span class='ocrx_word' id='word_1_301' title='bbox 405 4345 600 4406; x_wconf 76' lang='lat' dir='ltr'><strong>redemptorem,</strong></span> <span class='ocrx_word' id='word_1_302' title='bbox 619 4346 690 4394; x_wconf 77' lang='lat' dir='ltr'><strong>deum</strong></span> <span class='ocrx_word' id='word_1_303' title='bbox 702 4360 787 4393; x_wconf 75' lang='lat' dir='ltr'><strong>versun</strong></span> <span class='ocrx_word' id='word_1_304' title='bbox 798 4347 824 4392; x_wconf 83' lang='lat' dir='ltr'><strong>et</strong></span> <span class='ocrx_word' id='word_1_305' title='bbox 832 4342 987 4406; x_wconf 73' lang='lat' dir='ltr'><strong>perfectrus,-</strong></span> <span class='ocrx_word' id='word_1_306' title='bbox 1006 4341 1152 4403; x_wconf 67' lang='lat' dir='ltr'><strong>unicunque</strong></span> <span class='ocrx_word' id='word_1_307' title='bbox 1165 4340 1231 4400; x_wconf 84' lang='lat' dir='ltr'><strong>petit</strong></span> <span class='ocrx_word' id='word_1_308' title='bbox 1243 4340 1308 4403; x_wconf 77' lang='lat' dir='ltr'><strong>quod</strong></span> <span class='ocrx_word' id='word_1_309' title='bbox 1320 4340 1461 4403; x_wconf 75' lang='lat' dir='ltr'><strong>aliquando</strong></span> 
     </span>
     <span class='ocr_line' id='line_1_36' title="bbox 264 4425 1460 4494; baseline -0.002 -17"><span class='ocrx_word' id='word_1_310' title='bbox 264 4430 400 4492; x_wconf 69' lang='lat' dir='ltr'><strong>capitanei</strong></span> <span class='ocrx_word' id='word_1_311' title='bbox 412 4431 536 4480; x_wconf 73' lang='lat' dir='ltr'><strong>demetra</strong></span> <span class='ocrx_word' id='word_1_312' title='bbox 548 4433 601 4480; x_wconf 75' lang='lat' dir='ltr'><strong>eise</strong></span> <span class='ocrx_word' id='word_1_313' title='bbox 612 4431 684 4480; x_wconf 73' lang='lat' dir='ltr'><strong>dorso</strong></span> <span class='ocrx_word' id='word_1_314' title='bbox 694 4429 824 4494; x_wconf 68' lang='lat' dir='ltr'><strong>pellenda,</strong></span> <span class='ocrx_word' id='word_1_315' title='bbox 843 4428 922 4476; x_wconf 81' lang='lat' dir='ltr'><strong>donec</strong></span> <span class='ocrx_word' id='word_1_316' title='bbox 934 4427 965 4475; x_wconf 83' lang='lat' dir='ltr'><strong>ab</strong></span> <span class='ocrx_word' id='word_1_317' title='bbox 978 4425 1068 4490; x_wconf 70' lang='lat' dir='ltr'><strong>capelo</strong></span> <span class='ocrx_word' id='word_1_318' title='bbox 1081 4425 1273 4489; x_wconf 74' lang='lat' dir='ltr'><strong>certiorsectue</strong></span> <span class='ocrx_word' id='word_1_319' title='bbox 1285 4430 1349 4475; x_wconf 78' lang='lat' dir='ltr'><strong>ercet</strong></span> <span class='ocrx_word' id='word_1_320' title='bbox 1360 4426 1392 4474; x_wconf 83' lang='lat' dir='ltr'><strong>de</strong></span> <span class='ocrx_word' id='word_1_321' title='bbox 1403 4440 1460 4475; x_wconf 76' lang='lat' dir='ltr'><strong>con·</strong></span> 
     </span>
     <span class='ocr_line' id='line_1_37' title="bbox 264 4512 1460 4581; baseline -0.003 -18"><span class='ocrx_word' id='word_1_322' title='bbox 264 4516 377 4577; x_wconf 75' lang='lat' dir='ltr'><strong>ceptione</strong></span> <span class='ocrx_word' id='word_1_323' title='bbox 394 4518 448 4566; x_wconf 81' lang='lat' dir='ltr'><strong>eius</strong></span> <span class='ocrx_word' id='word_1_324' title='bbox 464 4534 477 4565; x_wconf 90' lang='lat' dir='ltr'><strong>e</strong></span> <span class='ocrx_word' id='word_1_325' title='bbox 493 4518 587 4581; x_wconf 72' lang='lat' dir='ltr'><strong>epte-itu</strong></span> <span class='ocrx_word' id='word_1_326' title='bbox 605 4523 700 4567; x_wconf 70' lang='lat' dir='ltr'><strong>raudo.</strong></span> <span class='ocrx_word' id='word_1_327' title='bbox 726 4517 823 4566; x_wconf 78' lang='lat' dir='ltr'><strong>Statim</strong></span> <span class='ocrx_word' id='word_1_328' title='bbox 843 4514 877 4564; x_wconf 82' lang='lat' dir='ltr'><strong>nd</strong></span> <span class='ocrx_word' id='word_1_329' title='bbox 897 4529 928 4563; x_wconf 81' lang='lat' dir='ltr'><strong>ea</strong></span> <span class='ocrx_word' id='word_1_330' title='bbox 946 4528 1013 4577; x_wconf 81' lang='lat' dir='ltr'><strong>quae</strong></span> <span class='ocrx_word' id='word_1_331' title='bbox 1032 4517 1180 4576; x_wconf 84' lang='lat' dir='ltr'><strong>sequuntur</strong></span> <span class='ocrx_word' id='word_1_332' title='bbox 1196 4512 1282 4577; x_wconf 81' lang='lat' dir='ltr'><strong>Zeege</strong></span> <span class='ocrx_word' id='word_1_333' title='bbox 1301 4514 1339 4561; x_wconf 82' lang='lat' dir='ltr'><strong>sie</strong></span> <span class='ocrx_word' id='word_1_334' title='bbox 1357 4513 1460 4577; x_wconf 81' lang='lat' dir='ltr'><strong>pergit:</strong></span> 
     </span>
     <span class='ocr_line' id='line_1_38' title="bbox 259 4599 1462 4670; baseline -0.003 -20"><span class='ocrx_word' id='word_1_335' title='bbox 259 4604 411 4669; x_wconf 77' lang='lat' dir='ltr'><strong>pariterque</strong></span> <span class='ocrx_word' id='word_1_336' title='bbox 424 4605 489 4670; x_wconf 71' lang='lat' dir='ltr'><strong>quod</strong></span> <span class='ocrx_word' id='word_1_337' title='bbox 507 4605 568 4655; x_wconf 81' lang='lat' dir='ltr'><strong>olim</strong></span> <span class='ocrx_word' id='word_1_338' title='bbox 584 4606 638 4670; x_wconf 74' lang='lat' dir='ltr'><strong>ipre</strong></span> <span class='ocrx_word' id='word_1_339' title='bbox 650 4605 733 4654; x_wconf 75' lang='lat' dir='ltr'><strong>Iseum</strong></span> <span class='ocrx_word' id='word_1_340' title='bbox 741 4618 862 4667; x_wconf 74' lang='lat' dir='ltr'><strong>pamm,</strong></span> <span class='ocrx_word' id='word_1_341' title='bbox 881 4602 924 4666; x_wconf 79' lang='lat' dir='ltr'><strong>qui</strong></span> <span class='ocrx_word' id='word_1_342' title='bbox 932 4599 1069 4662; x_wconf 73' lang='lat' dir='ltr'><strong>paruulum</strong></span> <span class='ocrx_word' id='word_1_343' title='bbox 1087 4617 1103 4647; x_wconf 84' lang='lat' dir='ltr'><strong><em>a</em></strong></span> <span class='ocrx_word' id='word_1_344' title='bbox 1116 4603 1213 4649; x_wconf 74' lang='lat' dir='ltr'><strong>ceraste</strong></span> <span class='ocrx_word' id='word_1_345' title='bbox 1224 4615 1332 4648; x_wconf 75' lang='lat' dir='ltr'><strong>mercum</strong></span> <span class='ocrx_word' id='word_1_346' title='bbox 1343 4600 1370 4647; x_wconf 76' lang='lat' dir='ltr'><strong>in</strong></span> <span class='ocrx_word' id='word_1_347' title='bbox 1383 4599 1462 4646; x_wconf 77' lang='lat' dir='ltr'><strong>vitum</strong></span> 
     </span>
     <span class='ocr_line' id='line_1_39' title="bbox 262 4678 1460 4754; baseline -0.003 -17"><span class='ocrx_word' id='word_1_348' title='bbox 262 4694 436 4748; x_wconf 79' lang='lat' dir='ltr'><strong>revocaverat,</strong></span> <span class='ocrx_word' id='word_1_349' title='bbox 453 4678 547 4741; x_wconf 61' lang='lat' dir='ltr'><strong>cesae</strong></span> <span class='ocrx_word' id='word_1_350' title='bbox 558 4707 621 4741; x_wconf 72' lang='lat' dir='ltr'><strong>aure</strong></span> <span class='ocrx_word' id='word_1_351' title='bbox 633 4691 756 4741; x_wconf 67' lang='lat' dir='ltr'><strong>ermom</strong></span> <span class='ocrx_word' id='word_1_352' title='bbox 768 4688 813 4751; x_wconf 80' lang='lat' dir='ltr'><strong>(ub</strong></span> <span class='ocrx_word' id='word_1_353' title='bbox 827 4689 868 4740; x_wconf 82' lang='lat' dir='ltr'><strong>bie</strong></span> <span class='ocrx_word' id='word_1_354' title='bbox 888 4689 971 4754; x_wconf 78' lang='lat' dir='ltr'><strong>igitur</strong></span> <span class='ocrx_word' id='word_1_355' title='bbox 984 4687 1074 4738; x_wconf 81' lang='lat' dir='ltr'><strong>differt</strong></span> <span class='ocrx_word' id='word_1_356' title='bbox 1086 4684 1190 4750; x_wconf 75' lang='lat' dir='ltr'><strong>Arabs),</strong></span> <span class='ocrx_word' id='word_1_357' title='bbox 1207 4702 1308 4735; x_wconf 72' lang='lat' dir='ltr'><strong>monens</strong></span> <span class='ocrx_word' id='word_1_358' title='bbox 1318 4690 1347 4735; x_wconf 78' lang='lat' dir='ltr'><strong>ut</strong></span> <span class='ocrx_word' id='word_1_359' title='bbox 1360 4685 1391 4734; x_wconf 84' lang='lat' dir='ltr'><strong>ab</strong></span> <span class='ocrx_word' id='word_1_360' title='bbox 1403 4701 1460 4750; x_wconf 80' lang='lat' dir='ltr'><strong>ope·</strong></span> 
     </span>
     <span class='ocr_line' id='line_1_40' title="bbox 262 4774 862 4842; baseline 0 -18"><span class='ocrx_word' id='word_1_361' title='bbox 262 4774 333 4825; x_wconf 64' lang='lat' dir='ltr'><strong>ritu</strong></span> <span class='ocrx_word' id='word_1_362' title='bbox 343 4776 467 4826; x_wconf 69' lang='lat' dir='ltr'><strong>invidiam</strong></span> <span class='ocrx_word' id='word_1_363' title='bbox 478 4777 527 4826; x_wconf 71' lang='lat' dir='ltr'><strong>atti</strong></span> <span class='ocrx_word' id='word_1_364' title='bbox 538 4777 706 4842; x_wconf 71' lang='lat' dir='ltr'><strong>conflantibee</strong></span> <span class='ocrx_word' id='word_1_365' title='bbox 716 4776 862 4825; x_wconf 67' lang='lat' dir='ltr'><strong>abstineret.</strong></span> 
     </span>
    </p>
   </div>
   <div class='ocr_carea' id='block_1_6' title="bbox 0 0 1734 5640">
    <p class='ocr_par' dir='ltr' id='par_1_6' title="bbox 0 0 1734 5640">
     <span class='ocr_line' id='line_1_41' title="bbox 0 0 1734 5640; baseline 0 0"><span class='ocrx_word' id='word_1_366' title='bbox 0 0 1734 5640; x_wconf 95' lang='lat' dir='ltr'><strong> </strong></span> 
     </span>
    </p>
   </div>
  </div>
 </body>
</html>
