3458 5640
456 598 788 650 nabebo-uanruaul
806 599 1048 651 nvauounlun.
1076 598 1149 650 cnt'.
1169 599 1215 649 Vl.
1331 619 1337 633 ·
1393 598 1434 662 63

237 750 413 815 infantula
428 771 505 816 esse
517 754 700 833 putaretur
716 747 777 815 sed
788 770 921 833 magna,
939 749 1083 833 etquasi
1104 748 1250 833 triginta
1265 769 1434 814 annorum

238 856 305 920 iam
326 860 420 920 esset
440 855 490 920 ita
511 853 730 920 orationibus
752 852 948 920 insistebat.
984 853 1033 917 ut
1051 850 1302 936 resplendebat
1325 851 1433 918 facies

238 959 313 1023 eius
335 959 427 1023 sicut
448 959 522 1039 nix,
548 959 598 1023 ita
624 964 662 1023 ut
677 958 731 1022 vix
751 963 896 1041 possent
921 958 956 1022 in
983 958 1059 1022 eius
1081 955 1212 1022 vultum
1238 956 1432 1023 intendere.

236 1060 430 1127 Insistebat
448 1068 564 1128 autem
582 1063 679 1145 operi
696 1061 855 1144 lanificii,
879 1067 915 1127 et
930 1062 1046 1127 omnia
1062 1081 1150 1146 quae
1166 1060 1330 1127 mulieres
1347 1062 1435 1126 anti·

237 1186 326 1247 quae
343 1186 411 1230 non
429 1172 621 1249 potuerunt
637 1165 768 1247 lacere,
792 1167 860 1232 ista
875 1165 910 1229 in
928 1171 1049 1229 tenera
1064 1169 1178 1229 aetate
1195 1165 1312 1247 posita
1328 1165 1434 1247 expli-

237 1266 347 1330 cabat.
380 1267 510 1332 2Ηιιιιιι
527 1273 641 1332 autem
660 1265 813 1352 regulanl
831 1267 897 1331 sibi
915 1271 1095 1347 statuerat,
1112 1273 1152 1330 ut
1167 1287 1188 1331 a
1205 1287 1305 1330 mane
1322 1286 1433 1348 usque

237 1367 280 1430 ud
298 1367 416 1432 borani
432 1369 572 1432 tertiam
590 1369 807 1433 orationibus
823 1369 1019 1447 insisteret3
1036 1368 1172 1431 atentia
1189 1373 1304 1431 autem
1321 1387 1432 1448 usque

237 1467 280 1532 od
292 1490 417 1533 nonam
429 1471 580 1534 textrino
597 1490 701 1553 opere
713 1491 750 1535 so
766 1476 966 1551 occuparet:
984 1487 1196 1534 anonavero
1207 1467 1293 1532 liora
1306 1468 1432 1533 iterum

237 1569 278 1633 ab
306 1572 463 1636 oratione
490 1592 559 1636 non
586 1571 773 1637 recedebat
800 1591 910 1654 usque
937 1570 1018 1635 duni
1048 1555 1101 1633 illi
1130 1569 1276 1652 angelus
1301 1568 1432 1634 domini

237 1679 436 1756 appareret,
459 1671 501 1738 de
528 1673 626 1739 cuius
649 1695 751 1739 manu
775 1695 889 1739 escam
909 1672 1101 1756 acciperet,
1123 1678 1159 1737 et
1182 1671 1306 1737 melius
1328 1677 1432 1755 atque

237 1775 361 1842 melius
383 1777 419 1841 in
443 1776 499 1842 dei
520 1776 683 1844 laudibus
704 1776 919 1862 proficiebat.
954 1775 1119 1860 Denique
1137 1796 1214 1841 oum
1235 1773 1433 1842 senioribus

236 1879 429 1963 virginibus
451 1880 487 1945 in
511 1880 567 1946 dei
590 1881 753 1947 laudibus
775 1883 824 1946 ita
846 1879 1052 1961 docebatur,
1077 1885 1117 1945 ut
1136 1879 1204 1944 iarn
1226 1878 1324 1945 nulla
1343 1880 1375 1945 ei
1396 1880 1432 1945 in

237 1981 366 2065 vigiliis
388 1983 485 2067 prior
509 1984 737 2065 inveniretur,
760 1985 795 2048 in
818 1984 993 2067 sapientia
1008 1983 1097 2068 legis
1115 1982 1171 2048 dei
1189 1982 1374 2064 eruditior,
1397 1982 1433 2047 in

238 2084 434 2151 humilitate
456 2084 633 2167 humilior,
659 2086 694 2150 in
721 2086 933 2152 carminibus
955 2085 1136 2151 Dauidicis
1162 2084 1452 2180 elegantior,·in'

238 2188 384 2254 caritate
406 2188 606 2274 gratiosior,
632 2189 668 2254 in
690 2190 851 2256 castitate
874 2189 1009 2274 purior,
1035 2190 1070 2254 in
1097 2189 1189 2255 omni
1209 2189 1337 2255 virtute
1359 2208 1435 2272 per·

239 2291 375 2358 lectior.
410 2292 498 2358 Erat
518 2295 609 2358 enim
633 2299 811 2375 constans,
837 2292 1041 2375 immobilis,
1065 2290 1306 2374 immutabilis,
1328 2298 1432 2377 atque

233 2518 283 2567 per
295 2517 342 2566 pro
352 2484 612 2568 reparatoremque
623 2505 732 2564 meilen,
745 2507 810 2555 item
824 2504 1014 2570 iry'antulasset,
1026 2504 1071 2553 sed
1080 2504 1154 2568 quasi
1163 2518 1209 2567 pro
1220 2503 1351 2568 infantula
1356 2507 1433 2567 puta·

236 2588 312 2636 batur
323 2605 375 2637 esse
386 2589 430 2637 sert
442 2594 470 2639 ut
481 2590 573 2639 adulta
582 2590 663 2655 quasi.
678 2586 682 2656 Ι
696 2592 734 2640 Et
746 2590 922 2655 resplendebat
934 2617 943 2626 ·
956 2590 1086 2639 intendere
1098 2604 1156 2638 cum
1169 2599 1214 2646 cn,
1226 2588 1291 2638 item
1304 2586 1359 2652 (om
1368 2589 1434 2638 deut

235 2674 280 2721 nie
289 2674 327 2722 ita
336 2677 365 2723 et
375 2673 456 2724 habet
462 2676 587 2739 potuisset
597 2677 652 2740 quis
665 2677 690 2724 in
698 2676 794 2725 nutum
806 2677 859 2725 eius
871 2673 1018 2738 adtendere)
1031 2688 1063 2735 133
1077 2688 1093 2723 u
1103 2675 1221 2739 Eratque
1233 2674 1260 2721 in
1269 2677 1367 2723 tanturn
1378 2689 1432 2738 spe·

236 2760 306 2806 cio-ra
318 2763 342 2808 el
353 2759 489 2823 splendido
501 2761 659 2824 eiussaeies,
679 2761 716 2810 ita
729 2765 757 2809 ut
770 2761 811 2809 oie
824 2760 918 2824 aliquis
930 2761 957 2808 in
968 2759 1041 2808 illius
1053 2760 1147 2809 oulturn
1154 2763 1242 2823 posset
1253 2759 1397 2807 intendere.-
1415 2772 1432 2807 ιι

237 2845 326 2895 oinnis
343 2861 385 2895 om
402 2841 406 2910 Ι
426 2846 541 2895 Insisteb.
559 2851 641 2895 autern
659 2847 688 2909 (ιι
700 2846 774 2908 enirn)
794 2847 867 2910 operi
883 2846 979 2912 lanific.
999 2845 1026 2909 (o
1039 2846 1074 2895 aet
1089 2861 1151 2911 opus
1164 2845 1231 2903 lan,
1249 2857 1266 2894 ιι
1285 2845 1312 2892 in
1329 2844 1433 2906 tanitico

237 2931 323 2997 opere)
336 2937 361 2981 et
374 2957 382 2967 ·
396 2932 540 2996 explicabat
552 2931 581 2995 (n
594 2932 723 2997 explebat)
735 2939 766 2982 ut
776 2945 845 2994 com
858 2947 875 2982 ι
889 2934 941 2981 Ins.
954 2948 1014 2995 erpo
1026 2933 1098 2997 operi
1109 2931 1212 2998 tanifleo
1224 2935 1253 2980 ut
1264 2931 1348 2981 omnia
1360 2956 1369 2966 ·
1382 2946 1432 2980 uon

233 3021 419 3084 poterantsae.
432 3019 489 3083 ipsa
502 3045 509 3054 -
523 3019 671 3083 explicaret.
693 3020 770 3069 Facit
782 3034 799 3069 a
811 3035 870 3069 cum
883 3031 909 3077 Δ,
922 3018 969 3069 scd
982 3024 1045 3083 post
1056 3023 1085 3068 ut
1097 3019 1187 3084 pergit
1200 3017 1231 3066 ab
1243 3016 1354 3067 ornnibus
1365 3017 1432 3066 uide·

237 3108 309 3154 retur
319 3105 470 3167 sapientiam
481 3105 580 3163 babere,
593 3105 632 3154 ita
644 3105 710 3168 quael
721 3106 805 3155 ornnia
816 3121 880 3171 quae
892 3107 943 3155 etc.

306 3210 330 3255 2.
350 3206 426 3256 Hanc
437 3211 520 3255 autern
532 3207 645 3270 reputans
656 3207 705 3256 sibi
714 3206 741 3269 (n
750 3207 799 3257 sibi
810 3209 868 3272 ipsa
880 3205 961 3270 repa.)
971 3210 1098 3255 statuerat
1109 3210 1138 3254 ut
1150 3204 1178 3267 (ιι
1191 3206 1347 3263 instituerat,
1360 3223 1433 3270 quoni
1475 3249 1477 3253 ,

237 3290 428 3354 dilipentissirne
445 3291 606 3350 obseruabat,
625 3292 752 3354 uidelicet)
772 3289 776 3355 Ι
797 3308 882 3341 inane:
900 3304 919 3340 D
929 3292 1016 3355 prima
1034 3287 1038 3354 Ι
1056 3295 1123 3340 orat.
1140 3291 1269 3340 insisteret
1286 3297 1398 3350 ut01r83
1415 3305 1432 3340 ιι

238 3377 351 3426 aaran
365 3375 490 3431 instabati
510 3389 525 3424 ι
545 3378 571 3424 in
587 3377 703 3426 cratim
714 3377 866 3440 persisteret
881 3374 886 3441 Ι
906 3381 988 3425 autern
1000 3376 1028 3438 (a
1042 3376 1126 3439 uero).·
1145 3390 1181 3423 ιιι
1194 3391 1235 3425 oin
1252 3374 1256 3440 Ι
1279 3375 1389 3432 textrino
1402 3375 1432 3437 (n

238 3459 362 3522 teaterno)
375 3475 451 3523 apere
464 3459 493 3521 (ιι
507 3460 588 3522 operi)
601 3476 628 3509 se
640 3460 668 3522 (n
680 3462 789 3509 teatrine
800 3476 826 3508 se
839 3460 963 3523 inopere)
976 3465 1112 3524 ocmipnret
1125 3458 1153 3522 (n
1166 3464 1321 3523 occupasset,
1334 3473 1350 3508 ιι
1362 3476 1432 3508 occu·

232 3544 339 3609 pabut).=
358 3543 490 3608 ulanifiw
505 3542 532 3592 'et
550 3543 611 3594 aliis
629 3545 745 3609 operibus
753 3545 919 3609 permanebat
932 3543 936 3607 Ι
951 3558 986 3593 ιιι
1000 3561 1042 3594 om
1054 3546 1119 3594 bora
1132 3542 1136 3607 Ι
1151 3546 1254 3594 iteruin.-
1271 3557 1306 3593 an
1324 3545 1376 3593 add
1395 3547 1431 3593 iu·

235 3629 339 3679 sistebat
351 3629 470 3679 orationi.
484 3626 489 3694 Ι
504 3645 579 3693 usque
590 3631 661 3679 dura:
679 3643 714 3681 cn
725 3631 803 3680 donee
815 3627 819 3695 Ι
835 3632 943 3680 domini:
962 3646 979 3680 ιι
991 3631 1034 3679 clei
1052 3628 1056 3696 Ι
1076 3644 1094 3680 ι
1113 3630 1254 3695 accipiebat
1268 3628 1272 3695 Ι
1286 3635 1311 3679 et
1323 3631 1431 3681 melius·

232 3714 384 3782 perficiebat
395 3721 426 3764 ut
438 3728 469 3775 ιις
487 3728 522 3765 on
536 3721 563 3766 ut
574 3716 663 3767 melius
675 3743 684 3754 ·
697 3717 724 3766 in
736 3717 777 3767 clei
789 3733 874 3767 aniore
882 3717 1035 3784 proficeret.-
1054 3731 1070 3766 ι
1084 3722 1109 3767 et
1121 3718 1160 3766 ita
1172 3718 1252 3767 innius
1269 3722 1295 3767 et
1305 3717 1432 3768 meliusin

235 3819 311 3869 opere
322 3803 363 3852 dei
371 3803 535 3870 proficiebam
555 3818 570 3853 n
583 3809 608 3853 et
621 3808 699 3854 toturn
711 3805 777 3870 quod
790 3805 815 3854 in
828 3804 920 3870 templa
938 3806 961 3853 ei
973 3803 1084 3854 dabatur
1092 3805 1251 3870 pauperibus
1261 3806 1431 3866 urinistrabat,

235 3890 308 3939 etsie
320 3890 400 3939 rnairrs
412 3896 455 3940 etc
467 3896 498 3940 ut
510 3904 527 3940 ι
542 3888 546 3956 Ι
560 3892 676 3955 Denique
688 3917 696 3928 ·
710 3892 873 3951 inueniretur,
886 3893 912 3940 in
925 3891 954 3954 (n
966 3909 1009 3942 uec
1019 3893 1055 3956 in)
1069 3918 1077 3928 ·
1090 3892 1210 3942 humilior
1222 3898 1253 3942 nt
1262 3905 1311 3953 co,
1325 3907 1341 3942 s
1353 3895 1431 3942 Deni·

236 3993 282 4041 que
294 3992 347 4025 curn
360 3977 467 4026 maiores
478 3977 589 4039 sirpines
599 3993 660 4026 suas
672 3978 698 4026 in
710 3979 751 4026 ctei
764 3979 881 4028 lendibus
891 3979 1016 4044 proficere
1029 3979 1192 4043 conspiceret,
1209 3978 1262 4027 selo
1275 3979 1350 4029 nimio
1363 3980 1430 4029 boni·

236 4063 299 4110 tatis
309 4063 442 4124 sarapebar
458 4067 486 4110 ut
502 4063 528 4109 in
544 4063 640 4124 cipiliis
652 4064 807 4112 inverniretur
816 4065 905 4127 prior,
925 4065 951 4112 in
968 4080 1023 4127 sap.
1037 4067 1094 4123 etc;
1113 4077 1131 4112 ,ι
1144 4064 1244 4112 Deinde
1256 4080 1309 4111 eum
1321 4066 1432 4114 seniores

236 4146 344 4209 cirpines
356 4162 372 4193 a
384 4147 425 4194 clei
437 4147 554 4194 laurlibur
567 4153 695 4205 sarcirent,
715 4149 771 4211 ipsa
784 4147 848 4195 nibil
861 4147 976 4204 vacabat,
996 4147 1035 4194 ita
1052 4151 1079 4196 ut
1093 4149 1118 4196 in
1131 4148 1249 4196 larutibus
1260 4153 1285 4197 et
1298 4150 1323 4196 in
1335 4150 1431 4212 oipiliis

235 4231 277 4279 dei
287 4230 361 4279 nulla
367 4233 444 4295 prior
455 4227 486 4280 ca
498 4233 665 4291 irrueniretur,
682 4233 755 4282 nulla
767 4234 794 4281 in
805 4249 861 4298 sap.
876 4237 927 4283 otc.
953 4231 1017 4282 Cum
1030 4245 1047 4282 ι
1061 4233 1128 4282 facit
1141 4248 1172 4291 ιι,
1190 4232 1237 4282 sed
1251 4250 1292 4283 οιιι
1306 4234 1332 4282 in
1344 4234 1429 4284 brnnil.

235 4316 360 4366 barrilier.
380 4317 384 4384 Ι
404 4318 430 4366 in
442 4318 594 4367 carminibus
611 4344 619 4356 ·
636 4320 663 4368 in
675 4321 795 4370 castitate
813 4318 841 4382 (a
860 4320 885 4368 in
894 4319 1022 4384 puritate)
1041 4345 1049 4355 ·
1064 4320 1207 4385 perfectior
1224 4329 1254 4368 ut
1267 4333 1335 4380 οιιιις
1353 4335 1369 4369 ιι
1388 4337 1429 4371 om

237 4404 381 4463 Dauidicis,
400 4404 464 4454 item
482 4404 508 4452 in
521 4405 631 4455 caritate
643 4422 692 4470 usq
702 4408 802 4471 purior.
828 4421 844 4456 ιι
857 4411 881 4456 et
899 4407 925 4456 in
937 4408 1048 4457 caritate
1057 4407 1197 4471 gloriosior
1209 4412 1233 4455 et
1250 4407 1276 4456 in
1288 4408 1394 4458 canticis
1405 4412 1430 4457 et

237 4491 386 4541 carminibus
397 4491 538 4556 elepantior
550 4497 575 4541 et
587 4492 613 4541 in
625 4493 690 4542 ornni
703 4494 750 4542 uir.
760 4495 829 4559 pers.
850 4490 855 4560 Ι
874 4508 890 4543 ι
904 4495 975 4543 Erat
987 4494 1085 4558 quietern
1104 4492 1108 4560 Ι
1129 4498 1260 4544 constans:
1278 4509 1296 4544 ι)
1309 4498 1381 4543 casta
1394 4490 1399 4560 Ι
1412 4507 1430 4544 ιι

237 4581 261 4626 ct
273 4578 402 4629 inmobilis
414 4579 511 4629 omisso
525 4580 650 4628 tinniatab.
665 4578 669 4646 Ι
683 4584 758 4644 atque
771 4579 822 4643 (its
832 4592 883 4642 co;
896 4592 950 4629 ιιιιι
960 4581 995 4644 et)
1009 4581 1102 4630 cotidie
1115 4580 1166 4644 (its
1175 4593 1264 4640 ιιιιιιι;
1277 4593 1292 4630 o
1305 4581 1427 4645 quatiat)

237 4660 242 4730 Ι
257 4665 291 4714 acl
309 4665 414 4715 meliora
425 4666 518 4733 profic.
532 4665 558 4729 (c
568 4666 790 4733 proficiscebatur)
804 4672 835 4717 ut
848 4679 899 4728 cn,
919 4679 954 4716 ιιι
973 4668 999 4718 in
1010 4667 1117 4717 meliora
1128 4664 1157 4730 (ιι
1170 4668 1201 4716 de
1214 4666 1275 4717 bono
1292 4668 1317 4716 in
1329 4667 1429 4732 melius)

234 4751 383 4818 proficienti
396 4766 413 4801 ιι
425 4753 513 4802 melior
525 4758 600 4818 atoue
613 4753 701 4804 :nelicr
713 4753 854 4802 transiebat
