3458 5640
464 584 794 635 Paeneo-uarrnnel
813 585 1054 637 BVANGELIUM.
1084 586 1159 639 CAP.
1178 588 1259 639 XXX.
1419 587 1460 650 99

266 732 360 799 selus
377 733 448 798 scio
466 734 604 817 quando
622 735 695 800 nati
716 736 800 802 estis
823 742 858 801 et
875 743 1003 820 quante
1020 743 1176 821 tempore
1192 737 1263 802 rita
1278 742 1392 802 restra
1407 742 1461 802 eut

265 837 422 904 interra.
467 836 594 902 'Tune
617 860 736 904 ornnes
759 841 819 923 qui
840 839 1029 905 audierunt
1048 840 1153 907 verba
1177 840 1262 906 haee
1285 840 1461 926 patefacta

266 940 521 1025 obstupuerunt
531 948 566 1007 et
577 943 770 1009 clamarunt
781 944 951 1010 dieentes:
971 944 1011 1027 Ο,
1031 965 1060 1027 u,
1079 967 1108 1026 0,
1126 944 1459 1029 hoemiremagnum

265 1052 300 1111 et
315 1045 518 1111 admirabile
537 1056 801 1113 sacramentum.
833 1048 1022 1132 Nunquam
1038 1048 1231 1114 audivimus
1248 1048 1458 1123 huiusmodi.

263 1148 449 1232 Nunquam
472 1150 514 1215 ab
536 1151 654 1233 aliqua
679 1152 748 1217 alia
770 1151 926 1216 auditum
944 1158 1012 1233 est,
1036 1173 1101 1217 nee
1121 1172 1142 1215 a
1156 1150 1337 1234 prophetis
1355 1172 1418 1217 nee
1439 1174 1460 1217 a

263 1252 461 1317 Pharisaeie
480 1274 543 1316 nee
564 1275 584 1315 a
600 1255 834 1336 grammaticis
852 1254 983 1317 dietum
1005 1253 1129 1320 estrei
1151 1252 1340 1336 aliquando
1363 1253 1459 1317 audi·

263 1359 344 1416 turn.
383 1352 458 1417 Nos
480 1354 608 1417 scimus
631 1355 722 1418 hune
744 1356 837 1419 unde
861 1362 964 1418 natus
987 1362 1055 1434 est,
1082 1361 1116 1418 et
1138 1355 1192 1418 vix
1215 1359 1268 1418 est
1289 1375 1458 1418 annorum

263 1454 434 1537 quinque,
458 1459 493 1518 et
510 1454 601 1520 unde
619 1455 704 1521 haec
721 1457 826 1522 rerba
841 1456 1020 1539 loquitur?
1050 1455 1323 1538 Responderunt
1337 1455 1458 1520 Phari-

263 1557 350 1622 saei:
373 1555 448 1622 Nos
460 1579 635 1640 nunqnam
653 1558 846 1625 audivimus
858 1559 1058 1625 taliaverba
1073 1558 1115 1624 ab
1133 1559 1267 1623 infante
1283 1557 1353 1623 alie
1365 1557 1459 1623 dieta

262 1659 296 1724 in
319 1659 381 1726 tali
403 1661 562 1726 infantia.
610 1664 621 1696 ⁴
637 1662 686 1727 Et
707 1662 923 1746 respondens
941 1663 1041 1729 Iesus
1059 1661 1148 1727 dixit
1164 1661 1228 1727 eis:
1259 1660 1302 1726 In
1318 1661 1383 1727 hee
1398 1683 1457 1728 vos

263 1763 481 1831 admiramini
499 1767 581 1850 quia
604 1767 689 1832 talia
711 1767 876 1833 dicuntur
898 1767 939 1832 ab
962 1765 1121 1833 infante?
1152 1764 1267 1851 Quare
1290 1787 1457 1851 ergeuen

263 1869 405 1935 creditis
428 1870 511 1935 mihi
537 1872 573 1936 in
596 1871 650 1936 hir
676 1894 764 1956 qliae
786 1873 924 1938 loeutus
948 1894 1021 1937 sum
1043 1869 1164 1937 robis?
1214 1870 1262 1935 Et
1284 1869 1366 1954 quia
1388 1869 1459 1935 dixi

262 1973 359 2038 vobis
377 1974 468 2056 quod
487 1976 558 2040 seio
577 1976 716 2060 quando
734 1978 807 2042 nati
825 1977 921 2060 ostia,
944 1997 1063 2041 omnes
1079 1975 1267 2040 miramini:
1292 1974 1460 2059 ampliora

264 2075 376 2142 dicam
391 2077 503 2160 rubia,
527 2085 565 2143 ut
580 2081 689 2164 magis
712 2081 895 2145 miremini.
930 2078 1125 2161 Abraham,
1149 2101 1250 2162 quem
1266 2099 1325 2144 vus
1342 2077 1458 2142 dicitis

264 2184 567 2263 patremvestrum,
586 2205 648 2266 ego
660 2181 728 2247 vidi
747 2190 876 2248 etcum
893 2204 933 2247 e0
946 2180 1158 2261 loeutussui‚
1176 2188 1212 2245 et
1227 2179 1286 2245 ille
1298 2201 1351 2244 me
1362 2179 1458 2244 vidit.

265 2282 312 2347 Et
332 2282 514 2349 audientes
531 2285 597 2350 hee
619 2286 858 2366 obticnerunt,
881 2306 945 2349 nee
963 2285 1146 2368 quisquam
1168 2305 1286 2348 eurum
1308 2282 1461 2348 audebat

255 2511 314 2575 sar.
325 2511 488 2575 amalaqiae
498 2514 599 2575 aeaeria
611 2513 690 2562 uestri
707 2514 855 2562 meuc-iuueni
873 2538 881 2548 ·
899 2528 944 2576 φο
956 2527 1014 2560 vera
1026 2511 1096 2560 solae
1113 2527 1147 2560 ee.
1161 2510 1317 2575 quaradaves
1337 2534 1346 2544 ·
1364 2509 1414 2559 erit
1432 2509 1458 2558 iu

264 2601 343 2646 terra.

331 2683 401 2732 Item
414 2684 502 2748 pergit
515 2697 544 2732 u:
568 2685 614 2733 Cui
625 2686 717 2748 Ioseph
729 2687 809 2735 dixit:
837 2684 900 2746 Quia
911 2689 948 2734 eet
961 2684 1004 2748 qai
1014 2684 1138 2747 irascentem
1150 2683 1224 2732 uiam
1236 2687 1320 2731 tenere
1333 2685 1358 2730 et
1369 2681 1458 2730 dooere

260 2768 358 2829 pouur
375 2769 516 2832 Respondit
525 2771 637 2820 Zacdeur
647 2769 700 2836 [et]
710 2772 790 2820 uuu't:
811 2771 847 2819 Tu
859 2771 952 2819 tradar
963 2785 1016 2818 eam
1028 2769 1101 2826 miuu-
1114 2785 1159 2832 φο
1169 2783 1223 2816 eam
1231 2767 1390 2818 scholaribus
1398 2769 1459 2817 meis

264 2853 401 2916 diliqeater
411 2855 493 2918 iprum
504 2857 603 2905 docebo.
622 2858 736 2906 Audieris
749 2862 831 2906 autera
841 2857 912 2905 Ieear
924 2873 988 2921 quae
999 2856 1103 2904 dixerat
1112 2855 1224 2904 Ζοολοοο
1236 2853 1333 2919 [dixit]
1345 2856 1380 2903 ad
1392 2871 1459 2904 eam:

268 2939 304 2989 Tu
322 2941 364 3005 qai
377 2939 466 3007 [dela]
478 2959 515 2991 uie
532 2944 570 2991 air
586 2945 613 2991 iu
631 2944 749 2993 doctriua
768 2944 831 3008 ῑφίο
848 2944 987 3000 iarlruere5
1007 2959 1051 3007 φο
1063 2940 1180 3008 [antam]
1197 2946 1257 2991 aute
1270 2941 1336 3006 leyen
1349 2958 1415 2991 euru:
1432 2946 1459 2990 tu

265 3029 365 3093 quande
381 3033 457 3078 riatur
474 3046 500 3079 ee
516 3030 632 3094 iquorem·
651 3048 695 3096 φο
712 3036 795 3081 autem
812 3032 881 3081 eolus
899 3032 950 3081 reia
963 3031 1062 3096 quaudo
1074 3030 1131 3078 nati
1142 3030 1203 3079 eatis
1215 3045 1310 3088 aranee,
1329 3034 1354 3078 et
1366 3035 1459 3094 quauta

266 3120 374 3179 tempore
386 3117 440 3165 uita
451 3121 536 3164 eastra
548 3118 598 3166 erit
608 3132 684 3180 nuper
696 3123 799 3168 terram.
894 3113 896 3118 ’

334 3204 358 3250 3.
377 3202 470 3267 Pergit
481 3215 514 3249 n:
531 3203 598 3251 Tuae
611 3229 619 3239 ·
630 3205 763 3269 pavefacti
775 3206 956 3267 obstupuerunt
969 3231 977 3240 ·
990 3205 1115 3253 diceutes:
1130 3203 1226 3251 Omire
1240 3228 1248 3238 ·
1262 3203 1379 3250 audiaim.
1394 3202 1461 3251 talia

265 3311 276 3322 ·
294 3274 326 3335 οἳ
338 3287 391 3335 alie
403 3287 489 3350 aliquo
507 3290 566 3337 eud.
583 3294 621 3339 eet
636 3292 695 3348 doe,
713 3308 758 3338 nee
774 3308 791 3338 a
806 3291 979 3339 sacerdotibus
996 3307 1041 3337 aee
1057 3306 1074 3336 ο
1086 3289 1235 3336 Phariraeir
1254 3313 1262 3322 ·
1282 3291 1327 3335 aut
1345 3288 1460 3336 auditum

266 3370 405 3434 aliquando
418 3396 426 3407 ·
439 3373 521 3420 auidae
533 3389 654 3423 annorum
665 3380 772 3436 reptem:
789 3376 854 3423 uude
867 3401 874 3410 -
889 3375 955 3422 talia
968 3374 1042 3422 verba
1054 3373 1081 3420 iu
1094 3372 1144 3420 tali
1155 3373 1279 3436 insaucia.

336 3455 403 3504 Item
417 3468 448 3501 13:
469 3456 537 3503 Tarm
548 3473 631 3506 aranee
643 3460 686 3521 qui
698 3460 833 3507 audieruut
845 3459 985 3522 etrrprrsiicli
997 3462 1055 3506 errat
1072 3461 1097 3504 et
1110 3457 1281 3504 clamaverunt
1293 3455 1419 3503 diceutes.-
1439 3456 1460 3504 0

264 3538 355 3586 mirum
365 3555 481 3600 uuquam
491 3541 649 3599 miraculum,
667 3543 818 3590 adiurit-abile
830 3547 1021 3599 sacramentum,
1035 3541 1100 3604 quod
1113 3555 1237 3602 nunqnam
1250 3556 1266 3587 a
1275 3540 1410 3602 prophetia
1421 3541 1461 3588 ael

264 3641 282 3672 a
298 3624 471 3673 sacerdotidur
488 3631 533 3673 aut
551 3627 638 3688 reliquo
651 3629 804 3690 philosophe
821 3630 915 3677 ‹la-rum
934 3633 978 3676 ert.
1013 3628 1080 3674 Tuae
1098 3627 1235 3675 Pharisaei
1252 3627 1383 3674 dicebaut:
1407 3627 1460 3675 Nor

263 3725 389 3773 nunquam
400 3711 541 3758 aruiivimus
554 3712 620 3760 talia
632 3713 707 3761 verba
720 3714 745 3761 ia
759 3714 808 3762 tuli
820 3715 933 3778 iry'uutia
946 3713 1023 3777 loqui.

331 3799 357 3846 4.
376 3797 468 3863 Pergit
480 3812 512 3847 u:
531 3799 570 3847 Jrr
587 3802 739 3862 respondeus
752 3827 760 3836 ·
774 3801 805 3848 at
817 3801 864 3866 ias.
877 3801 1012 3849 dicuutur?
1040 3799 1126 3861 Quare
1144 3814 1203 3863 οφο
1216 3815 1259 3848 aar
1272 3825 1280 3834 -
1293 3799 1376 3848 rabir:
1401 3799 1460 3849 Scio

264 3884 364 3946 quaudo
376 3901 419 3933 aar
431 3910 439 3919 ·
453 3886 536 3932 eurardi
548 3887 676 3933 uiiramiui
689 3913 696 3922 ·
710 3904 754 3950 φο
768 3888 820 3935 uidi
838 3892 862 3935 et
876 3887 921 3935 ille
932 3904 970 3933 rae
983 3887 1059 3944 uidit,
1078 3891 1168 3933 etcum
1187 3902 1215 3933 eo
1228 3885 1326 3934 heutua
1337 3901 1398 3933 rum.
1422 3886 1460 3935 Er

264 3969 323 4019 aad.
340 3970 402 4017 haee
419 3969 592 4032 odiriirtuerrrrrt
609 3973 801 4036 necquidquam
820 3973 947 4021 arulebaut
965 3972 1042 4036 loqui.
1067 3972 1192 4035 Dixitque
1210 3971 1246 4019 eir
1263 3972 1353 4020 iterum
1366 3972 1458 4020 lesus·

263 4055 337 4119 quari
343 4055 511 4115 prudentibus
523 4057 612 4120 ·fuiri.
847 4056 849 4060 ’

332 4140 400 4190 Itum
413 4153 444 4187 u:
464 4141 541 4189 Dixit
552 4142 624 4190 Ieerrr
636 4144 670 4191 ud
682 4160 736 4192 eoa:
759 4143 808 4204 Qui
820 4144 904 4206 Atqu
916 4160 965 4192 neu
978 4144 1055 4200 renuit,
1069 4145 1189 4208 quomode
1205 4143 1274 4190 rum
1288 4144 1337 4206 (rie
1352 4143 1384 4192 de
1398 4160 1458 4192 een·

264 4225 367 4274 iectura
378 4227 469 4289 posui:
489 4227 515 4276 in
530 4227 622 4276 codiee
640 4231 710 4276 enirn
724 4230 853 4292 scriptum
873 4237 915 4277 est
927 4229 984 4288 οΙιο)
999 4228 1143 4292 intelliqere
1151 4229 1253 4290 potest?
1279 4230 1365 4290 Coepit
1376 4229 1460 4278 dicere

265 4311 376 4362 Zaehear
394 4313 452 4377 Effe
465 4318 488 4362 tu
500 4315 590 4363 docere
599 4330 700 4376 porrum
713 4333 776 4380 quae
789 4334 806 4363 u
818 4321 842 4365 te
855 4317 908 4378 ipra
921 4316 1049 4365 dicuutur.
1064 4314 1115 4378 (Cf.
1129 4315 1221 4371 XXXI,
1234 4315 1272 4378 2.)
1299 4315 1367 4363 Tuae
1379 4315 1459 4376 eoepit

264 4399 348 4449 dicere
359 4400 488 4449 Zachaeus
505 4417 563 4449 uoce
575 4418 681 4464 meque:
706 4404 763 4452 It'ou
775 4404 846 4452 debet
863 4402 1025 4464 arrperaeuire
1038 4401 1235 4466 (corrigendum
1250 4401 1357 4451 videtur
1373 4418 1458 4464 eriper-

266 4485 347 4534 aivere
364 4486 405 4534 rel
425 4486 515 4548 potius
532 4503 609 4549 super
626 4493 721 4537 terram
739 4488 832 4551 uiuere)
850 4490 898 4538 iste
912 4505 979 4555 puer
996 4506 1041 4538 uec
1057 4505 1111 4537 eura
1127 4488 1264 4537 heririuibur
1281 4488 1320 4550 (in
1340 4488 1397 4537 cod.
1417 4494 1459 4538 eet

266 4571 386 4633 virtuibus)
400 4574 558 4622 conversari:
577 4575 651 4623 eredo
664 4575 724 4639 quia
742 4581 801 4625 aute
817 4577 989 4626 cntuclr'rururn
1007 4575 1100 4640 [natus
1114 4575 1178 4640 est].
1212 4576 1282 4637 Quae
1299 4578 1363 4625 euim
1377 4581 1459 4625 ruater

266 4657 339 4706 illum
348 4659 450 4722 qeuuit?
473 4663 526 4710 Aut
539 4662 595 4725 quia
611 4666 697 4710 neuter
713 4663 792 4725 iprum
806 4665 937 4725 portarit,
956 4663 996 4712 vel
1008 4680 1072 4728 quae
1090 4663 1167 4711 tidem
1186 4665 1265 4725 iliram
1284 4663 1459 4711 lactaverunt?

269 4743 327 4791 Cum
343 4760 387 4808 φο
400 4750 527 4807 putassem
545 4748 624 4808 iprum
642 4747 733 4796 dedere
745 4749 908 4809 discipulum,
926 4749 1009 4798 iuveni
1026 4765 1079 4797 eam
1097 4750 1252 4812 uraqiutrum.
1280 4749 1347 4812 Quid
1359 4749 1459 4799 dicam?

1211 4833 1245 4884 7.
