3458 5640
388 1630 509 1706 MORS
535 1631 695 1707 PILATI
722 1630 803 1725 QUI
831 1633 974 1707 IESUM
1001 1631 1336 1707 GONDEMNAVIT.

350 1833 433 1902 Oum
471 1842 583 1902 autem
619 1834 773 1903 Tiberius
810 1835 932 1904 Caesar
948 1837 971 1922 ¹)
1014 1835 1244 1902 Romanorum
1280 1837 1462 1920 imperator

264 1938 356 2021 gravi
384 1938 501 2004 morbo
528 1943 711 2024 teneretur,
744 1944 777 2005 et
806 1938 995 2022 intelligens
1023 1939 1101 2022 quia
1127 1938 1345 2022 lerosolymis
1377 1946 1463 2005 esset

264 2039 398 2122 quidam
424 2038 584 2120 medicus,
615 2041 748 2105 nomine
775 2039 883 2122 Iesus,
915 2041 972 2122 qui
1004 2059 1118 2105 omnes
1148 2038 1358 2105 infirmitates
1390 2041 1460 2105 solo

263 2139 362 2205 verbo
390 2147 496 2224 curat,
523 2141 673 2206 nesciens
696 2141 783 2225 quod
806 2140 922 2206 Iudaei
946 2141 1131 2206 et'Pilatus
1157 2161 1232 2205 eum
1256 2141 1462 2223 occidissent,

263 2245 427 2326 praecipit
449 2245 579 2310 cuidam
603 2266 662 2309 suo
686 2245 842 2310 familiari
868 2245 998 2309 nomine
1021 2243 1224 2312 Volusianus
1246 2244 1342 2312 Vade
1364 2246 1463 2309 eitius

264 2368 363 2430 quam
390 2352 484 2431 potes
511 2353 602 2413 trans
630 2354 744 2430 partes
772 2346 930 2430 marinas,
958 2347 1113 2430 dicesque
1135 2346 1246 2413 Pilato
1269 2368 1342 2412 meo
1364 2348 1464 2413 servi·

263 2449 328 2514 tori
352 2455 386 2513 et
407 2450 513 2515 amieo
536 2457 574 2515 ut
591 2449 687 2514 'hune
714 2449 878 2514 medicum
907 2448 988 2514 mihi
1014 2450 1125 2514 mittat
1147 2450 1204 2533 qui
1226 2470 1277 2514 me
1300 2450 1462 2532 pristinae

265 2553 400 2619 sanitati
427 2555 591 2620 restituat.
642 2552 708 2639 Qui
736 2552 938 2622 Volusianus
970 2553 1083 2619 audito
1115 2559 1291 2637 praecepto
1322 2555 1463 2638 impera-

263 2657 346 2722 toris
374 2659 486 2723 statim
513 2657 678 2738 discessit,
710 2663 743 2722 et
770 2662 886 2722 ventus
913 2657 996 2740 est’)
1024 2656 1066 2722 ad
1088 2657 1233 2722 Pilatum
1261 2659 1347 2721 sicut
1367 2678 1463 2740 prae·

264 2766 395 2842 ceptum
418 2767 469 2824 est
490 2761 529 2825 ei.
573 2760 620 2824 Et
642 2781 782 2825 narrans
805 2759 911 2824 eidem
934 2759 1046 2824 Pilato
1070 2780 1108 2824 ea
1131 2779 1216 2842 quae
1239 2758 1303 2824 sibi
1325 2781 1345 2824 a
1364 2757 1462 2824 Tibe·

263 2863 313 2927 rio
341 2861 483 2929 Caesare
510 2864 686 2929 commissa
712 2862 861 2944 fuerant,
892 2861 1005 2926 dicens
1032 2859 1187 2927 Tiberius
1215 2860 1337 2930 Caesar
1363 2862 1463 2945 impe·

265 2970 357 3032 rator
378 2965 619 3051 Romanorum,
650 2968 700 3033 tui
728 2967 893 3051 dominus,
924 2965 1036 3033 audito
1060 2966 1150 3051 quod
1177 2968 1211 3033 in
1240 2967 1373 3034 civitate
1396 2969 1463 3034 ista

264 3074 315 3135 est
338 3069 484 3136 medicus
507 3073 564 3156 qui
591 3072 661 3138 solo
684 3071 783 3138 verbo
813 3076 910 3137 sanat
937 3069 1159 3154 infirmitates,
1187 3077 1286 3156 rogat
1312 3078 1346 3135 te
1367 3071 1464 3137 vehe-

264 3180 392 3240 menter
422 3182 461 3241 ut
491 3198 565 3241 eum
597 3176 660 3241 sibi
691 3175 823 3241 mittere
854 3174 976 3240 debeas
1006 3195 1067 3258 pro
1099 3195 1160 3240 sua
1191 3172 1382 3240 infirmitate
1411 3196 1464 3240 ou·

265 3277 376 3343 randa.
420 3278 571 3345 Audiens
599 3279 681 3344 haec
704 3279 835 3344 Pilatus
863 3278 1000 3344 territus
1029 3284 1079 3343 est
1106 3276 1213 3360 valde,
1243 3279 1348 3343 sciens
1375 3278 1464 3362 quod

265 3400 325 3462 per
356 3381 510 3447 invidiam
542 3404 617 3448 eum
649 3383 753 3448 occidi
787 3381 920 3447 fecerat.
976 3381 1162 3464 Respondit
1192 3382 1323 3446 Pilatus
1356 3381 1463 3447 eidem

266 3485 381 3548 nuntio
404 3485 452 3548 sio
475 3484 587 3550 dicens
610 3484 677 3550 Hic
705 3485 802 3549 homo
828 3489 900 3548 erat
922 3482 1117 3548 malefactor
1140 3489 1173 3547 et
1195 3483 1291 3547 bomo
1316 3485 1372 3565 qui
1395 3488 1463 3546 tra·

265 3585 367 3651 hebet
397 3588 439 3652 ad
470 3609 504 3652 se
535 3595 643 3657 totum
674 3588 847 3671 populum:
885 3588 932 3650 sio
963 3585 1077 3651 habito
1110 3585 1245 3651 oonsilio
1277 3587 1464 3668 sapientum

266 3689 409 3755 civitatis
447 3713 520 3756 eum
554 3691 737 3757 erueifieari
769 3692 840 3756 feei.
895 3689 960 3775 Qui
991 3691 1126 3755 nuntius
1156 3689 1287 3755 rediens
1318 3689 1360 3753 ad
1391 3689 1464 3754 eius

266 3792 446 3877 hospitium
469 3796 621 3862 obviatus
645 3802 697 3861 est
718 3795 847 3861 cuidam
870 3795 1000 3859 mulieri
1024 3796 1155 3859 nomine
1177 3792 1353 3876 Veroniea,
1376 3813 1463 3877 quae

266 3896 376 3962 fueret
401 3898 573 3966 familiaris
602 3899 694 3985 Iesu,
723 3897 886 3966 dieens0
915 3899 1046 3980 mulier,
1075 3899 1221 3963 medicus
1244 3897 1378 3982 quidam
1405 3899 1464 3980 qui

267 3998 301 4062 in
323 4000 387 4065 hac
415 4000 549 4067 civitate
578 4007 664 4083 eret,
692 4002 748 4085 qui
776 4002 846 4066 solo
870 4001 970 4066 verbo
998 4020 1115 4083 aegros
1144 3999 1297 4081 sanabat,
1325 4019 1383 4063 our
1411 4019 1464 4063 oe·

267 4102 447 4187 eiserunt⁸l
480 4124 554 4167 eum
582 4103 724 4194 Iudaei?
768 4103 818 4166 At
844 4102 903 4166 illa
930 4102 1040 4182 eoepit
1065 4101 1144 4165 flere
1168 4100 1280 4164 dicens
1301 4100 1379 4164 Heu
1401 4121 1465 4181 me,

267 4203 409 4287 domine,
442 4204 520 4271 (leus
548 4226 640 4271 meus
668 4210 702 4270 et
728 4205 879 4269 (lominus
906 4223 1012 4282 meus,
1044 4222 1142 4284 quem
1170 4201 1300 4266 Pilatus
1327 4220 1386 4282 pro
1414 4202 1465 4264 in·

353 4400 376 4447 1.
405 4396 494 4450 Codex
512 4399 538 4450 b.
556 4401 574 4448 l.
593 4404 621 4449 et
638 4399 710 4449 infra
728 4399 810 4449 semel
831 4397 966 4448 Caesarius
984 4396 1078 4454 babet,
1103 4396 1166 4446 item
1185 4411 1202 4443 a
1222 4394 1321 4444 liberio
1342 4394 1466 4444 Caesario

266 4499 403 4535 commuta.

352 4569 376 4621 2.
403 4574 491 4620 ventae
508 4574 560 4620 ert.-
583 4571 622 4621 ita
640 4569 731 4620 codex.
769 4568 901 4619 Similiter
919 4573 982 4632 port
1000 4565 1082 4616 babet
1101 4565 1215 4615 obviatur
1233 4568 1279 4614 ert.

352 4661 376 4710 8.
402 4660 556 4709 oeoirmnt:
575 4659 614 4710 ito
632 4656 724 4708 eodex.
