3458 5640
473 592 808 644 rsuuuo-rrmfflm
828 595 1070 647 avuncunlum.
1098 595 1174 647 CAP.
1193 595 1256 646 x11.
1426 596 1466 658 75

349 742 424 807 ‘Et
440 764 517 808 cnm
538 743 650 810 omnis
670 742 821 827 populus
839 749 998 827 stuperet
1018 750 1054 809 et
1076 744 1283 829 haesitaret,
1307 746 1464 812 videntes

265 852 467 931 conceptum
486 847 616 912 ventris
634 852 670 911 at
687 845 821 912 nullum
838 846 975 931 signum
994 846 1137 915 insacia
1155 849 1231 916 eius
1248 850 1464 935 apparuisse,

265 956 455 1036 coeperunt
471 951 564 1017 inter
580 973 617 1017 se
633 951 729 1017 varia
743 951 866 1037 populi
883 951 1096 1036 loquacitate
1114 954 1259 1021 turbari.
1283 951 1360 1021 Alii
1374 955 1466 1021 dice-

262 1056 591 1138 bantsanctitatcm,
608 1055 669 1121 alii
680 1076 760 1122 vero
776 1056 973 1140 permutem
985 1059 1235 1126 conscientiam
1251 1060 1466 1127 accusabant

264 1182 349 1227 cam.
388 1160 488 1227 Tunc
509 1160 625 1226 Maria
645 1160 766 1226 videns
792 1161 1028 1245 suspicionem
1049 1160 1186 1246 populi,
1212 1163 1307 1248 quod
1331 1186 1400 1231 nou
1424 1186 1466 1230 ex

263 1265 399 1348 integro
417 1264 545 1329 fuisset
560 1269 718 1346 purgata,
736 1263 896 1329 omnibus
913 1263 1139 1330 audientibus
1157 1266 1251 1331 clara
1265 1288 1349 1332 voce
1361 1266 1464 1331 dixit:

262 1367 359 1436 Vivit
380 1366 542 1432 dominus
562 1363 712 1450 Adonay
735 1367 964 1448 exercituum,
991 1367 1027 1431 in
1054 1369 1152 1434 cuius
1180 1375 1370 1454 conspectu
1399 1375 1464 1451 sto,

264 1471 427 1554 quoniam
442 1470 552 1534 virum
570 1490 756 1553 numquam
774 1470 932 1554 cognovi3
953 1469 1014 1535 sod
1032 1492 1096 1535 nec
1114 1492 1324 1556 cognoscere
1341 1471 1465 1554 habeo,

264 1573 347 1657 quia
363 1572 406 1638 ab
423 1571 575 1638 infantia
590 1573 717 1639 aetatis
734 1594 830 1639 meac
848 1572 883 1638 in
901 1573 966 1638 hoc
982 1577 1133 1639 mentem
1150 1573 1300 1640 definivi.
1335 1574 1384 1643 Et
1399 1575 1465 1641 hoc

264 1677 329 1745 deo
346 1700 423 1744 meo
440 1682 556 1744 votum
573 1675 642 1743 feci
662 1677 705 1743 ab
722 1677 873 1743 infantia
889 1698 975 1758 mea,
993 1684 1032 1743 ut
1048 1677 1115 1761 ipsi
1134 1679 1193 1762 qui
1213 1700 1266 1744 me
1284 1678 1413 1745 creavit
1428 1679 1465 1744 in

264 1782 466 1867 integritate
488 1803 723 1866 permaneam,
746 1782 781 1847 in
804 1803 946 1866 quamn
969 1780 1105 1847 confido
1127 1781 1196 1866 ipsi
1213 1782 1279 1848 soli
1296 1783 1408 1849 vivere
1431 1789 1467 1848 et

264 1886 332 1970 ipsi
359 1885 425 1952 soli
450 1885 525 1950 sine
551 1883 671 1968 aliqua
694 1884 890 1969 pollutione
917 1885 1082 1969 quamdiu
1108 1887 1223 1952 vixero
1250 1907 1464 1970 permanere.

263 1990 276 2024 ⁸
293 1989 393 2054 Tunc
410 2009 529 2054 omnes
547 1988 797 2055 osculabantur
813 2009 887 2053 eam
904 1995 1069 2073 rogantes
1087 1994 1126 2053 ut
1141 1990 1241 2055 malis
1259 1990 1468 2074 suspicioni-

263 2091 330 2157 bus
354 2112 473 2157 eorum
496 2092 596 2157 daret
619 2091 885 2176 indulgentiam.
930 2092 978 2157 Et
999 2091 1222 2157 deduxerunt
1246 2113 1320 2157 eam
1347 2113 1465 2158 omnes

264 2194 385 2280 populi
415 2200 451 2261 et
474 2193 673 2261 sacerdotes
700 2198 736 2259 et
760 2212 880 2261 omnes
903 2195 1056 2280 virgines
1083 2217 1159 2260 cum
1186 2196 1401 2263 exultatione
1431 2203 1466 2262 et

264 2297 392 2382 gaudio
417 2319 529 2381 usquc
555 2297 598 2363 ad
624 2297 762 2364 domum
787 2320 899 2382 suam,
927 2299 1117 2365 clamantes
1146 2305 1182 2364 et
1206 2298 1378 2366 dicentes:
1410 2297 1466 2365 Sit

264 2422 390 2467 nomen
401 2401 532 2467 domini
549 2400 782 2483 benedictum,
803 2402 863 2485 qui
879 2401 1117 2467 manifestavit
1132 2402 1352 2467 sanctitatem
1369 2408 1464 2467 tuam

264 2505 445 2569 universae
462 2502 557 2587 plebi
574 2502 696 2568 Israel.

266 2724 394 2732 ...ι-»-..-..
415 2725 478 2733 -.-

329 2873 355 2920 t.
375 2872 413 2921 Et
425 2886 494 2919 cam:
513 2883 548 2920 ru
564 2870 670 2937 Oarnqsse
683 2868 687 2936 Ι
702 2871 781 2921 omnis
794 2870 906 2936 populns
917 2869 946 2934 (n
960 2886 1043 2921 annes
1055 2870 1158 2936 popula
1171 2875 1284 2937 stuperet
1301 2876 1328 2922 et
1344 2873 1411 2922 iaes-
1429 2871 1458 2936 (u

262 2963 393 3024 stuperent
403 2962 428 3007 et
439 2958 605 3018 haesitarent,
618 2971 634 3008 ιι
647 2974 688 3008 om
701 2961 726 3008 et
737 2957 819 3021 tans.)
831 2962 863 3008 ut
875 2970 944 3019 σωκ
958 2971 994 3009 nu
1007 2959 1086 3009 omnis
1094 2975 1157 3024 pop.
1171 2963 1284 3010 exstaret
1296 2964 1399 3025 stupore
1414 2957 1418 3027 Ι
1432 2965 1462 3012 at

264 3047 292 3109 (n
306 3048 341 3108 et)
361 3071 369 3083 ·
388 3047 414 3093 in
423 3046 499 3110 jacie
514 3045 541 3107 (c
552 3043 663 3110 faciem)
676 3045 730 3094 eiae
741 3063 803 3110 app.
818 3049 850 3095 ut
862 3058 951 3104 ersom
969 3059 986 3095 rr
999 3059 1041 3096 orn
1060 3044 1064 3113 Ι
1083 3059 1099 3096 rt
1111 3062 1154 3095 om
1161 3047 1264 3109 pepedi,
1282 3059 1299 3096 Δ
1312 3054 1377 3097 ante
1388 3050 1464 3099 naria

264 3148 318 3196 pou
333 3131 336 3196 Ι
351 3131 409 3181 Alii
420 3133 471 3180 dic.
485 3133 647 3181 sanctitatem
660 3131 689 3194 (n
703 3130 755 3181 add
768 3148 799 3181 ea
811 3131 983 3196 tanacencs'a),
1000 3132 1049 3181 alii
1061 3148 1120 3183 nero
1133 3133 1163 3194 (n
1177 3132 1230 3195 om)
1244 3159 1253 3170 ·
1266 3149 1321 3181 eans
1332 3144 1364 3184 nt
1376 3149 1429 3193 ους
1448 3149 1464 3185 a

264 3218 342 3268 Alias
350 3218 450 3267 dicebat
462 3219 607 3277 sanctitate,
620 3218 687 3266 alius
701 3234 758 3268 nero
770 3219 840 3267 mala
852 3220 1006 3268 conscientia
1018 3219 1167 3275 mutabam
1181 3219 1266 3267 nAtis'
1276 3220 1326 3269 die.
1337 3221 1403 3284 qnod
1411 3236 1462 3282 pro

263 3304 335 3352 neta
353 3305 506 3352 conscientia
523 3304 678 3351 accusabant
696 3319 765 3360 easn,·
783 3304 832 3351 alis'
844 3304 975 3353 dicebant.-
1002 3306 1108 3352 Grande
1119 3306 1217 3367 manans
1228 3308 1267 3353 ent
1278 3304 1359 3361 illud,-
1377 3318 1394 3353 a
1408 3306 1465 3354 Ata·

263 3388 315 3436 die.
327 3393 441 3436 sanctam
452 3392 478 3436 et
488 3387 682 3443 immacalatam.
696 3388 745 3435 alii
756 3404 815 3436 cera
827 3387 921 3436 malam
932 3393 959 3437 et
968 3389 1163 3438 contaminatam
1177 3385 1181 3452 Ι
1195 3403 1264 3450 susp.
1277 3389 1369 3452 papali
1378 3395 1421 3439 etc
1434 3394 1465 3440 ut

263 3485 295 3530 ιις
313 3484 349 3521 cn
359 3488 420 3536 pop.
436 3487 505 3535 susp.
518 3488 568 3521 non
581 3471 609 3533 (n
623 3488 668 3520 nec
679 3472 717 3532 se)
730 3474 818 3520 erint.
828 3474 915 3537 fnisse
924 3478 1062 3536 purgatam
1069 3492 1077 3529 ‚-
1097 3486 1113 3521 Δ
1127 3472 1168 3535 (et
1180 3471 1227 3535 ut)
1239 3489 1266 3522 se
1283 3475 1310 3521 in
1323 3476 1465 3538 suspicione

259 3557 353 3622 papali
365 3573 418 3607 erse
429 3574 475 3606 nec
486 3574 514 3607 se
529 3574 561 3606 ea
576 3559 624 3606 int.
638 3558 721 3606 sideri
729 3563 869 3622 parpatam
887 3554 891 3622 Ι
910 3559 1002 3608 domin.
1017 3559 1101 3607 Adon.
1116 3557 1163 3619 (ru
1178 3556 1230 3607 edd
1243 3559 1368 3621 derisione)
1380 3576 1463 3609 exerc.

263 3650 295 3692 ut
306 3654 369 3700 auc,
383 3645 446 3692 itera
458 3657 478 3692 1>
490 3644 557 3692 dom.
571 3660 654 3692 exerc.
668 3646 770 3700 Adon.,·
790 3657 807 3693 rs
819 3659 861 3692 om
874 3645 958 3693 Adon.
973 3643 976 3708 Ι
992 3658 1007 3693 ιι
1020 3649 1079 3693 ante
1092 3645 1163 3692 casias
1175 3650 1333 3708 conspectam
1346 3642 1351 3710 Ι
1365 3647 1409 3694 sed
1421 3662 1466 3695 nec

263 3754 272 3766 ·
284 3729 389 3795 deflerim
401 3744 460 3778 cum
473 3740 525 3787 οὓς
538 3741 574 3777 nn
587 3729 631 3776 ced
643 3728 675 3777 ab
687 3746 716 3777 eo
726 3745 861 3792 capnoscar
874 3731 915 3777 cai
926 3729 957 3778 ab
970 3730 1017 3795 ins.
1030 3746 1099 3778 meae
1111 3730 1207 3778 aetatis
1218 3734 1322 3778 mentem
1334 3747 1413 3780 ineam
1422 3732 1463 3781 de·
1544 3754 1545 3758 ¹

261 3818 331 3872 noni,-
348 3829 454 3878 teneque
467 3829 615 3877 cognoscere
631 3814 663 3862 ab
677 3815 776 3863 ineante
789 3819 875 3864 aetate
885 3830 940 3863 mea
953 3821 1030 3864 antea
1041 3816 1145 3880 definiat
1159 3811 1163 3880 Ι
1178 3815 1209 3863 ab
1222 3817 1269 3880 ins.
1282 3831 1337 3865 mea
1349 3821 1381 3865 nt
1394 3830 1462 3876 ηις

263 3915 298 3952 cn
309 3917 350 3950 οιιι
371 3898 375 3966 Ι
395 3905 424 3948 nt
436 3901 486 3964 ipsi
499 3901 547 3962 (nu
566 3901 593 3947 in
605 3898 672 3962 ipso)
686 3925 694 3935 ·
705 3915 868 3962 pernsaneans
879 3904 911 3948 ut
923 3912 1012 3959 curn,
1032 3913 1048 3949 a
1060 3904 1089 3948 at
1101 3900 1128 3947 s'n
1140 3902 1220 3964 ipsias
1232 3901 1275 3964 qai
1286 3917 1319 3949 m,
1334 3918 1385 3951 cre.
1402 3905 1465 3951 inte·

259 3989 358 4051 aritate
365 4000 540 4050 permanerem
553 3980 557 4047 Ι
571 3984 598 4032 in
611 4000 674 4047 qna:
686 3996 702 4031 a
714 3985 742 4031 in
754 4001 801 4048 qno
816 3980 820 4047 Ι
834 3985 885 4047 ipsi
896 3985 947 4034 soli
954 3986 1039 4034 cinere
1051 4009 1060 4021 ·
1070 3989 1324 4048 permanentem
1339 3987 1415 4050 aipss'
1426 4005 1463 4037 so.

261 4073 358 4123 servire
369 4077 394 4120 et
405 4071 456 4134 ipsi
468 4069 517 4118 soli
528 4071 612 4117 cinere
624 4073 650 4116 et
661 4069 712 4131 ipsi
724 4069 773 4117 soti
784 4070 838 4117 sine
851 4076 910 4127 otc;
929 4082 966 4118 nu
979 4071 1030 4133 ipsi
1040 4069 1091 4118 soti
1103 4070 1187 4118 cicere
1198 4074 1224 4119 et
1235 4071 1287 4133 ipsi
1298 4071 1348 4119 soti
1359 4073 1462 4130 servire,

262 4163 287 4208 et
299 4159 391 4222 inipso
410 4154 511 4221 qnarnd.
525 4155 559 4202 ai.
573 4154 627 4200 sine
636 4152 702 4215 poll.
713 4153 867 4217 permanebo

330 4246 356 4293 5.
375 4258 440 4291 omn.
454 4257 505 4291 osc.
525 4256 580 4290 eans
591 4243 712 4303 recantes
726 4243 758 4288 ut
770 4250 801 4297 ος
819 4252 837 4288 n
851 4255 915 4288 csnn.
930 4254 980 4288 osc.
999 4255 1053 4289 eam
1066 4239 1241 4305 amplexantes
1250 4257 1335 4305 penna
1352 4242 1407 4292 eius
1421 4259 1461 4295 rc·

260 4336 398 4398 pastosque
409 4345 477 4390 eam,
495 4341 574 4378 ecee.
589 4343 653 4377 omn.
664 4342 749 4390 aenua
759 4327 827 4385 eins,
844 4330 964 4390 recantes
975 4343 1044 4385 earn,
1063 4340 1099 4376 aa
1118 4343 1183 4377 orna.
1198 4333 1334 4392 coeperant
1350 4330 1463 4380 aecslm'

260 4420 338 4486 pestes
353 4418 407 4467 eine
423 4420 449 4467 et
457 4431 541 4480 penae
553 4416 607 4464 etas
618 4414 750 4480 amplecti,
767 4419 888 4480 repentes
904 4430 959 4463 sans
975 4412 1003 4476 (a
1017 4414 1069 4463 edd
1082 4415 1223 4479 humiliter)
1238 4412 1242 4481 Ι
1256 4417 1327 4481 apte
1338 4417 1415 4468 daret
1427 4415 1432 4484 Ι
1445 4433 1462 4469 n

263 4508 417 4558 redemerant
429 4500 433 4571 Ι
450 4517 485 4552 aa
498 4518 540 4553 om
553 4520 636 4552 carnes
648 4502 689 4568 pri
703 4499 708 4568 Ι
721 4518 741 4554 n
751 4518 792 4553 orn
803 4519 886 4552 cinnes
895 4517 939 4551 sec
953 4499 958 4567 Ι
969 4502 1079 4566 panda.-
1092 4515 1128 4552 aa
1141 4502 1194 4552 add
1204 4519 1293 4567 rumano
1307 4500 1312 4569 Ι
1327 4506 1376 4553 aa:
1388 4519 1404 4554 ιι
1416 4507 1442 4556 in
1456 4505 1460 4571 Ι

263 4595 386 4644 dicentes:
403 4605 419 4642 c
432 4592 485 4641 add
498 4593 522 4640 εἰ
541 4588 545 4657 Ι
565 4592 733 4641 benedictam.-
751 4604 787 4641 nu
800 4590 853 4640 edd
866 4591 893 4638 in
904 4588 1007 4655 secnlal
1024 4591 1081 4655 qai.-
1100 4603 1135 4639 aa
1150 4591 1209 4655 qaia
1222 4586 1227 4655 Ι
1242 4603 1257 4640 c
1270 4592 1444 4657 manifestabit
1456 4593 1460 4661 Ι

264 4685 348 4731 tesam.-
365 4692 478 4737 uersam,
498 4692 514 4728 a
527 4679 685 4743 virginitatis
697 4694 757 4728 sesae
776 4675 781 4743 Ι
800 4678 869 4727 anic.
880 4677 952 4743 plebi
963 4676 991 4739 (Δ
1007 4676 1061 4726 edd
1078 4677 1150 4740 raas)
1163 4676 1215 4726 Iar.
1236 4680 1267 4725 nt
1280 4688 1348 4739 onn3
1367 4692 1384 4730 a
1392 4680 1464 4745 plebi

264 4766 323 4815 iaie
334 4764 443 4831 (omisso
456 4764 530 4830 Isr.),
543 4765 688 4816 anniversa
701 4766 752 4816 Iar.
770 4797 783 4820 .
