3458 5640
262 610 321 672 102
451 608 779 660 eserico-uersuum
800 612 1038 663 eveuoumuu.
1066 613 1139 663 CAP.
1159 612 1266 663 xxxn.

262 782 350 825 curn.
388 756 481 841 Quid
502 756 635 821 ilicum?
671 757 750 822 Non
773 759 870 824 vulco
894 761 1067 826 sustinere
1088 760 1191 825 verbu
1211 761 1311 844 puori
1333 760 1455 825 huius:

263 862 387 928 dehoc
406 863 473 925 iam
489 861 677 943 municipio
695 860 835 945 fugium,
854 863 937 947 quio
950 864 1123 929 rrouvaloo
1141 862 1227 930 llaec
1244 862 1456 946 intelligere.

263 963 319 1032 Ab
342 964 474 1031 infante
498 984 603 1029 senex
621 964 732 1029 victus
749 985 838 1050 sum,
861 967 944 1052 quio
966 986 1078 1050 noque
1101 965 1239 1032 initium
1260 965 1302 1031 do
1326 965 1457 1051 quibus

263 1072 338 1156 ipsc
361 1068 504 1136 affirmet
525 1069 679 1134 inveniro
700 1091 769 1136 uon
791 1091 934 1156 possum
955 1092 1019 1138 nec
1041 1069 1153 1136 finoni.
1189 1068 1341 1137 Difficile
1363 1071 1456 1137 onitu

264 1183 317 1242 est
333 1175 471 1240 initium
491 1195 532 1238 ex
549 1194 585 1239 sc
603 1174 679 1257 ipso
696 1176 860 1258 reperire.
886 1173 989 1241 Certo
1001 1174 1078 1240 dico
1089 1176 1197 1258 vobis,
1215 1176 1457 1259 noumentior,

264 1279 356 1363 quod
373 1284 453 1343 ento
471 1298 564 1343 meos
582 1277 702 1343 oculos
719 1279 875 1361 operatio
893 1278 997 1344 huius
1008 1280 1107 1362 puori
1124 1285 1159 1344 et
1175 1280 1277 1345 initio
1286 1281 1458 1346 sermonis

264 1382 338 1446 eius
359 1387 394 1444 ct
412 1381 618 1445 intentionis
637 1381 749 1445 exitus
766 1380 855 1445 nihil
871 1402 948 1446 curn
965 1382 1163 1446 horninibus
1175 1382 1459 1447 communcvidc·

264 1482 473 1549 turbabere.
504 1482 575 1546 Hic
592 1502 673 1565 ergo
691 1483 808 1547 nescio
826 1504 869 1548 on
887 1504 1007 1566 mogus
1024 1490 1085 1549 out
1105 1483 1190 1548 deus
1208 1485 1268 1564 sit;
1284 1490 1346 1550 out
1361 1490 1457 1551 certo

264 1585 409 1669 augelus
421 1585 477 1649 dei
493 1584 650 1668 loquitur
665 1585 701 1648 iu
718 1606 770 1650 oo.
795 1584 896 1650 Unde
914 1587 960 1649 sit
977 1593 1037 1650 nist
1053 1585 1144 1650 unde
1156 1587 1290 1652 venerit
1305 1592 1365 1652 aut
1377 1587 1458 1672 quis

264 1689 402 1754 futurus
420 1689 475 1770 sit,
492 1687 621 1752 nescio.
667 1690 678 1722 ⁴
694 1685 793 1753 Tunc
808 1687 909 1754 Iesus
928 1688 1019 1755 lucto
1036 1689 1133 1755 vultu
1151 1689 1335 1756 subridens
1352 1690 1396 1757 de
1415 1711 1458 1757 eo

265 1792 353 1856 dixit
369 1811 446 1856 cum
467 1792 612 1874 imperio
629 1793 764 1857 cunctis
782 1792 863 1856 filiis
879 1792 992 1858 Isreol
1013 1793 1209 1859 astuutilrus
1230 1801 1266 1859 ot
1286 1794 1460 1860 audienti·

265 1896 345 1961 bus:
380 1894 609 1961 Fructificent
632 1894 843 1962 infructuosi
864 1902 900 1962 ot
920 1896 1061 1962 videant
1081 1899 1176 1962 cocci
1198 1905 1233 1963 et
1254 1896 1369 1962 claudi
1390 1919 1460 1965 aur-

264 1999 389 2065 buleut
403 2007 497 2065 recte
514 2004 549 2080 et
564 2020 737 2083 pauperes
754 1999 1031 2079 fruuntu1·b,onis
1049 2007 1084 2065 ct
1101 2003 1307 2067 reviviscant
1320 2005 1459 2083 mortui,

266 2108 304 2167 ut
320 2100 555 2184 redintegrato
574 2107 665 2167 statu
682 2104 924 2185 unusquisque
941 2109 1135 2168 revertatur
1151 2111 1186 2169 ct
1202 2112 1405 2186 permanent
1423 2106 1459 2168 in

267 2227 306 2269 oo
329 2205 405 2285 ipso
423 2205 482 2287 qui
504 2203 601 2268 radix
623 2210 676 2269 est
700 2205 789 2268 vitae
813 2211 848 2268 ot
868 2204 1064 2269 dulcedinis
1085 2212 1287 2287 perpetuae.
1317 2205 1365 2269 ut
1382 2225 1459 2269 curn

266 2306 330 2371 hoc
351 2305 497 2370 dixisset
517 2304 632 2370 infans
648 2306 765 2388 Iesus,
788 2307 953 2372 continuo
977 2311 1059 2371 sunt
1079 2327 1197 2371 omues
1220 2307 1375 2372 restituti
1399 2307 1460 2390 qui

266 2408 329 2474 sub
346 2408 445 2473 melis
456 2407 660 2474 deciderent
675 2407 945 2474 infirmitatibus.
968 2409 1180 2493 etamplius
1197 2431 1267 2474 non
1283 2408 1462 2475 audebunt

266 2511 381 2578 dicere
399 2513 431 2578 ei
447 2511 582 2596 aliquid
598 2518 659 2577 aut
674 2511 795 2577 audire
815 2511 857 2578 ab
875 2532 926 2578 eo.

707 2733 826 2801 Ourur
850 2735 1014 2801 XXXII.

352 2892 439 2957 Post
457 2891 541 2956 hoec
558 2890 721 2956 obierunt
736 2891 816 2956 iude
829 2889 958 2974 Ioseph
974 2889 1132 2956 etMoriu
1148 2889 1318 2955 cumIosu
1335 2889 1370 2954 in
1381 2889 1463 2954 ciui-

268 3000 374 3060 tatem
384 2993 574 3077 Nazareth;
592 3002 627 3062 et
643 3001 717 3061 erut
733 2994 782 3060 ibi
799 3015 876 3060 oum
887 2993 1092 3078 parentibus
1104 2994 1187 3059 suis.
1211 2992 1352 3059 Etcum
1369 3000 1464 3060 esset

269 3100 318 3165 ibi
339 3122 409 3166 une
424 3099 576 3183 sabboti,
599 3099 679 3166 dum
696 3099 795 3167 Icsus
813 3098 952 3164 luderet
968 3121 1043 3164 curn
1064 3097 1258 3164 insentibus
1280 3099 1315 3162 iu
1333 3096 1463 3165 solario

269 3314 364 3363 invenit
377 3314 448 3362 Iesus
460 3313 551 3362 lituum
562 3329 636 3362 uuum
648 3314 675 3361 iu
688 3317 759 3361 torua
771 3309 818 3373 (cf.
832 3311 865 3360 nd
880 3312 944 3360 lineo
958 3315 986 3360 ot
996 3311 1137 3374 sequeutia
1147 3325 1205 3372 cap.
1216 3308 1360 3371 XXXIX.):
1373 3312 1400 3360 et
1410 3327 1466 3359 cusu

269 3401 409 3461 accepisset
420 3416 482 3456 eum,
495 3399 596 3458 aperuit
608 3413 636 3446 os
647 3415 717 3447 suum
729 3394 784 3460 [et]
798 3397 946 3459 loquelatur
957 3397 989 3444 de
1000 3397 1094 3456 spi'ritu
1106 3400 1202 3452 sanato,
1215 3393 1271 3458 [ct]
1283 3396 1314 3443 de
1327 3395 1381 3458 leae
1392 3395 1465 3444 doce·

270 3483 314 3531 dat
331 3485 466 3532 universos.
492 3484 581 3531 Omnes
598 3483 696 3546 quidem
712 3484 756 3546 qui
773 3482 905 3537 restabunt,
924 3480 1030 3528 libenter
1042 3495 1096 3527 eum
1108 3480 1257 3535 audiebant,
1275 3476 1330 3541 [ot]
1344 3481 1464 3542 depreea-

271 3567 363 3616 lautur
380 3584 433 3615 rum
450 3573 478 3616 ut
495 3568 603 3615 ulte-rius
619 3568 720 3615 ‹loc-erat
737 3584 786 3615 eos.
816 3565 944 3627 dluyister·
962 3564 1008 3611 ille
1025 3565 1096 3611 turta
1113 3580 1167 3611 euru
1184 3563 1287 3611 seuiebat
1304 3579 1358 3610 euin
1375 3563 1465 3611 diruere

270 3667 368 3714 uiayuc,
385 3653 453 3715 quia,
471 3668 524 3700 oum
535 3667 584 3700 aon
596 3656 660 3700 esset
671 3652 754 3699 decens
766 3666 896 3706 annorum,
914 3650 944 3697 de
957 3665 1000 3696 ore
1012 3649 1092 3709 ipsius
1103 3648 1261 3695 subtilissimi
1272 3662 1397 3696 serinoues
1412 3649 1466 3695 esi·

271 3736 339 3786 laist.
365 3735 474 3785 &errem
489 3740 571 3785 autem
587 3737 708 3799 mayistor
726 3737 760 3784 ad
773 3734 943 3797 Ioeepddirit
960 3735 997 3780 ei:
1023 3733 1097 3781 Seiae
1106 3735 1199 3797 frater
1211 3733 1276 3797 quod
1294 3733 1381 3797 insane
1398 3736 1465 3790 tusis,

272 3839 341 3887 quem
353 3823 388 3871 ad
399 3822 612 3886 disciplinandum
623 3823 735 3885 suscepi,
754 3822 882 3885 esculentia
900 3825 925 3869 et
937 3820 1017 3869 riseritis
1026 3821 1116 3884 qratia
1128 3824 1166 3869 est
1177 3819 1297 3881 repletus.
1322 3818 1390 3866 ane
1402 3818 1466 3868 tolle

271 3926 325 3958 eum
337 3910 363 3958 iu
375 3910 472 3958 mstis
484 3913 565 3968 tuom,
582 3907 648 3972 quod
659 3908 747 3971 qratia
760 3923 833 3971 quiue
845 3906 918 3955 liutet
931 3923 947 3954 a
959 3906 1057 3954 donsino
1070 3906 1116 3954 deo
1128 3906 1193 3954 data
1204 3909 1242 3953 est
1253 3905 1285 3953 ei.
1311 3904 1370 3953 Cum
1382 3909 1467 3954 autem

271 3997 385 4046 audisset
394 3996 465 4045 Iesus
475 3996 622 4059 mayistrum
634 3993 683 4043 illo
695 3994 846 4059 loquentem,
863 3993 994 4055 respondit
1005 3997 1030 4041 et
1042 3993 1108 4041 diste
1121 3993 1157 4040 ei.-
1181 3991 1271 4040 Verum
1282 3990 1386 4049 dixisti,
1405 3993 1467 4055 quia

271 4084 350 4132 omuu's
357 4086 473 4144 potestas
484 4082 547 4131 data
559 4086 596 4131 est
607 4082 667 4130 milii
679 4098 696 4128 a
705 4085 783 4143 patre
793 4095 846 4128 meo
859 4081 902 4142 quii
913 4096 950 4127 site
961 4080 1037 4127 uiirit.
1063 4080 1114 4126 Sed
1127 4076 1262 4141 [proptor]
1275 4077 1384 4133 verdum,
1400 4078 1466 4141 quod

271 4170 303 4217 de
314 4186 352 4217 sue
363 4169 461 4217 loeutus
472 4184 511 4226 es,
529 4168 575 4216 ille
586 4169 706 4233 mayisler
719 4168 761 4230 qui
772 4182 810 4213 ine
819 4166 946 4226 pai-‹uissit
961 4181 1061 4227 riiryere
1073 4165 1160 4221 dalet,
1180 4163 1223 4226 qui
1235 4167 1347 4211 inortuue
1357 4166 1404 4210 est.
1433 4162 1467 4210 Il!

272 4253 353 4303 sudu'to
365 4255 477 4302 surrexit
489 4255 630 4317 quisuerat
642 4235 767 4308 deortuus,
785 4254 811 4300 et
822 4252 890 4299 versit
902 4252 936 4298 nd
948 4252 1045 4298 «torticios
1058 4265 1135 4297 suain.
1165 4248 1204 4295 Cf.
1219 4249 1283 4296 lusoc
1297 4247 1420 4311 inprimis
1433 4246 1468 4294 sd

273 4339 574 4403 oveng.'l¹hom.11atin.
588 4353 646 4402 cap.
658 4336 733 4385 x111.
759 4336 899 4384 l’reotcreu
913 4350 966 4383 non
980 4334 1192 4383 obliviscendum
1206 4340 1261 4390 eet,
1281 4332 1420 4380 historiam
1434 4330 1467 4380 de

272 4425 400 4488 magistro
420 4439 450 4473 ax
464 4423 607 4474 devotione
626 4427 745 4478 mortuo.
764 4436 831 4485 quoe
849 4437 880 4469 ox
894 4421 985 4469 radteo
1000 4435 1016 4468 e
1030 4421 1118 4484 capito
1133 4417 1278 4467 xxxwu.
1292 4417 1421 4476 hebetur,
1439 4416 1468 4465 iu

273 4509 365 4559 codice
379 4522 394 4556 n
408 4511 459 4559 turn
472 4515 536 4559 ento
549 4513 630 4573 ceput
644 4515 763 4558 nostruin
777 4507 854 4555 XXX.
868 4508 983 4571 positum
998 4521 1064 4555 osse.

327 4577 448 4647 'xxxlt
466 4597 529 4646 Post
540 4596 602 4644 Iaca
613 4595 730 4644 adierunt
741 4596 791 4657 (ita
801 4594 884 4642 codex
896 4606 927 4651 υς
942 4592 999 4640 cod.
1014 4607 1029 4640 u
1043 4592 1171 4650 (adurant)
1183 4616 1191 4626 ·
1203 4616 1210 4626 ·
1222 4605 1275 4638 ruiis
1284 4590 1388 4653 pareret.
1401 4587 1468 4635 suis:

274 4684 339 4732 lineo
358 4684 385 4732 in
399 4682 487 4733 code
504 4683 538 4734 sd
555 4683 695 4733 historiam
709 4681 806 4746 cepitis
824 4681 910 4730 nostri
923 4679 1030 4728 xxt'll.
1045 4680 1197 4742 pertinent,
1217 4677 1292 4725 cidus
1309 4675 1343 4724 ed
1360 4675 1468 4724 initium

273 4769 432 4833 scripturum
451 4768 552 4819 codicis
569 4781 587 4818 e
605 4770 784 4833 eppoeuImuu.
807 4764 811 4832 Ι
836 4767 874 4815 Et
890 4781 944 4815 oum
960 4768 1023 4814 esset
1040 4764 1074 4812 ili
1090 4779 1141 4812 uua
1158 4761 1257 4811 collati
1275 4764 1333 4809 otc:
1357 4757 1469 4808 eeudcm
