3458 5640
382 594 614 647 EVANGELIUM
632 595 779 647 'ruoitla
798 596 967 648 LATINUM.
997 578 1055 647 vl(
1251 596 1314 661 169
1388 649 1395 665 ,

112 747 227 809 autem
244 742 332 809 abiit
348 749 383 809 et
399 742 482 809 tulit
498 764 586 809 eum.
609 743 658 810 Et
668 743 832 811 dixerunt
848 745 896 811 ei:
919 743 1060 812 Recede
1078 744 1120 812 de
1137 744 1214 813 loco
1232 746 1314 829 isto,

114 852 150 915 et
164 847 193 915 si
205 853 238 914 to
256 852 395 933 oportet
411 868 488 914 esse
500 847 691 932 nobiscum,
709 847 795 916 <loce
814 869 891 916 eum
909 869 1007 916 orare
1026 849 1313 937 etnonblasplre-

114 973 204 1020 mare
214 977 223 1031 ;
242 951 305 1018 filii
317 953 556 1020 autemnostri
568 953 738 1020 insensati
751 958 843 1020 sunt.
874 953 1045 1023 'Vocarit
1054 953 1183 1041 Ioseph
1194 955 1313 1023 Iesum

114 1064 149 1127 et
164 1059 281 1146 coepit
296 1081 374 1125 eum
392 1059 533 1127 docere:
564 1058 615 1126 Ut
630 1057 715 1144 quid
731 1057 976 1145 blasphemas?
1006 1059 1238 1128 Habitatores
1252 1061 1314 1128 isti

114 1163 248 1232 deloco
265 1164 334 1232 isto
352 1164 470 1231 odium
486 1163 618 1231 habent
634 1185 739 1250 super
755 1185 828 1232 nos.
856 1164 959 1232 Iesus
976 1172 1091 1232 autem
1109 1165 1211 1231 dixit:
1235 1166 1311 1251 Ego

114 1274 227 1334 autem
246 1269 318 1334 seio
331 1268 424 1352 quod
441 1269 500 1334 isti
518 1289 695 1334 sermones
712 1289 782 1334 non
800 1269 969 1352 suntmei,
987 1267 1048 1334 sed
1065 1268 1117 1333 tui
1133 1274 1230 1349 sunt;
1248 1290 1313 1354 ego

113 1376 228 1438 autem
245 1371 368 1438 tacebo
386 1376 594 1455 propterte:
617 1371 685 1455 ipsi
706 1376 823 1437 autem
838 1370 980 1438 videant
995 1369 1030 1435 in
1048 1369 1223 1455 sapientia
1238 1392 1312 1437 sua.

111 1472 160 1538 Et
173 1473 210 1538 hi
227 1474 346 1539 statim
363 1475 421 1557 qui
438 1473 675 1557 loquebantur
690 1473 855 1540 adversus
871 1474 990 1540 Iesum
1007 1474 1102 1540 caeci
1118 1474 1203 1540 facti
1220 1479 1312 1539 sunt.

114 1575 162 1643 Et
177 1575 444 1642 deambulantes
466 1576 645 1642 dicebant:
681 1575 813 1644 Omnes
834 1596 1013 1644 sermones
1037 1577 1097 1662 qui
1118 1575 1315 1661 procedunt

113 1678 156 1746 de
174 1700 233 1746 ore
251 1680 327 1746 eius
345 1680 551 1746 exercitium
567 1679 708 1746 habent.
735 1679 806 1745 ⁸Et
822 1700 900 1746 cum
915 1679 1062 1747 vidisset
1077 1679 1206 1766 Ioseph
1224 1699 1312 1765 quae

114 1782 321 1867 feeitIesus,
340 1804 416 1848 cum
427 1782 545 1850 furore
563 1783 798 1869 apprehendit
813 1805 891 1850 eum
906 1805 971 1877 per
985 1782 1188 1851 auriculam.
1211 1782 1316 1850 Iesus

113 1892 229 1954 autem
248 1886 410 1954 turbatus
427 1887 517 1954 dixit
538 1889 581 1954 ad
597 1887 740 1972 Ioseph:
774 1885 915 1954 Sufficit
935 1887 1001 1954 tibi
1016 1886 1135 1954 ridere
1152 1907 1221 1970 me,
1245 1906 1314 1953 non

113 2010 167 2057 me
189 1996 344 2076 tangere.
384 1989 436 2056 Tu
460 1991 553 2056 enim
576 1991 690 2057 nescis
714 1990 793 2075 quis
820 2011 883 2076 ego
909 2011 998 2057 sum:
1026 1989 1118 2075 quod
1142 1990 1172 2057 si
1194 1891 1332 2171 scires}

114 2114 183 2161 non
206 2114 260 2159 me
282 2092 517 2159 contristares.
557 2092 605 2157 Et
625 2092 781 2177 quamvis
801 2091 901 2159 modo
925 2096 1040 2158 tecum
1061 2113 1152 2173 sum,
1177 2096 1257 2158 ante
1278 2096 1316 2158 te

115 2195 331 2263 factussum.

195 2424 288 2477 cerer
307 2424 353 2476 v1.
389 2423 564 2484 QUOMODO
583 2423 784 2476 rimemus
803 2424 868 2476 EST
885 2422 986 2476 lusus
1005 2424 1026 2473 A
1045 2422 1234 2475 usmerno-
1272 2439 1281 2469 ··
1326 2493 1327 2496 Ἴ

202 2578 211 2613 ¹
229 2575 344 2662 Igitur
355 2576 496 2660 quidam
512 2575 613 2642 homo
630 2575 941 2643 nomineZacheus
960 2574 1184 2642 auscultabat
1199 2573 1317 2642 omnia

115 2702 204 2765 quae
221 2680 431 2764 loquebatur
442 2680 544 2746 Iesus
560 2677 604 2744 ad
614 2679 755 2764 Ioseph,
773 2687 809 2746 et
824 2679 1015 2746 admiratus
1032 2679 1068 2745 in
1085 2679 1312 2764 semetipsum

114 2858 216 2923 scripte
229 2862 283 2908 est:
297 2859 359 2909 Post
368 2859 423 2908 dies
435 2858 515 2922 ipitur
524 2874 622 2923 pareres
630 2856 809 2909 deambulabat
820 2857 912 2908 iterem
921 2856 993 2908 Iesse
1002 2871 1056 2906 cam
1067 2856 1159 2920 Ioseph
1167 2872 1217 2921 per
1225 2856 1317 2908 villars

114 2949 140 2995 st
157 2944 397 2995 enarraremus
415 2944 557 3010 infantibus
567 2944 704 2995 Isdseruas
721 2948 746 2995 et
760 2943 888 3010 percussit
900 2942 983 2993 Issam
999 2942 1026 2992 is
1042 2943 1126 2995 elsae.
1149 2943 1223 2993 Isssss
1241 2968 1250 2980 ·
1270 2942 1316 2993 Sic

112 3033 235 3100 perficias
247 3057 256 3069 ·
270 3032 319 3083 Illi
330 3032 443 3083 sidentes
453 3031 584 3082 mirabilia
596 3032 770 3082 clamaverant
781 3032 907 3082 dicentes.-
930 3030 1001 3080 Unde
1013 3034 1052 3081 sst
1059 3045 1126 3093 perer
1138 3029 1203 3080 istst
1216 3056 1224 3068 ·
1239 3029 1317 3080 taleas

113 3135 228 3186 peterem.
252 3120 304 3169 Aba
315 3134 375 3183 erpo
387 3122 412 3168 st
425 3118 487 3169 telle
499 3135 553 3169 sem
569 3123 594 3168 et
602 3134 681 3183 perpe
693 3118 724 3168 ds
736 3118 791 3168 lece
804 3118 861 3168 iste.
891 3116 944 3167 Sea
955 3117 978 3165 ss'
990 3120 1090 3179 oportet
1102 3131 1156 3165 sans
1168 3132 1221 3167 ssss
1233 3116 1313 3167 sabis·

117 3222 181 3265 Μ,
192 3207 254 3256 dese
266 3232 276 3243 ·
289 3207 379 3255 inseres.
392 3208 459 3255 sant.

186 3296 209 3342 2.
229 3293 311 3356 coepit
324 3291 353 3354 (Δ
363 3289 508 3356 praecepit)
525 3307 579 3340 eum
591 3293 695 3341 desere.-
711 3292 750 3340 sia
763 3304 780 3340 Δ
794 3296 822 3341 et
833 3302 862 3339 n.
887 3291 1012 3339 Fortasse
1030 3287 1217 3353 corrigendum
1234 3290 1316 3351 eoepit

116 3378 152 3427 ad
164 3394 218 3427 aem
229 3378 321 3426 dicere.
341 3376 455 3426 Orsecs:
472 3371 622 3442 ἐμουθὲτει
637 3369 728 3441 αὐτὸμ
741 3371 841 3442 λέγωμ
857 3373 891 3439 (Δ
902 3375 933 3435 V,
948 3375 984 3434 1.)
998 3371 1115 3422 suadent
1127 3375 1158 3420 ut
1169 3379 1316 3436 reponetur

116 3463 259 3525 increpavit
267 3477 321 3510 eam
330 3463 423 3511 diseas.
438 3457 443 3524 Ι
456 3461 488 3509 de
498 3460 552 3509 loce
563 3460 626 3510 ieter
640 3460 705 3510 haee
716 3471 733 3508 Δ
743 3455 810 3509 mals
821 3464 884 3523 post
893 3473 970 3522 seper
979 3472 1024 3507 aes
1032 3456 1120 3521 ponit.
1135 3451 1140 3521 Ι
1154 3454 1180 3503 iss
1189 3456 1316 3519 sapientia

116 3563 177 3596 ssa:
189 3546 228 3595 sic
238 3560 271 3604 ις
285 3546 365 3595 slitar
374 3559 403 3604 n,
416 3560 493 3608 quem
504 3545 565 3595 vide
580 3542 584 3609 Ι
598 3546 745 3594 exercitium
754 3545 860 3594 labent:
874 3544 913 3594 ita
923 3555 957 3601 ις
970 3557 988 3593 n
998 3543 1024 3590 in
1034 3540 1152 3605 operibus
1160 3547 1316 3593 exere-ester.

184 3631 278 3696 Pergit
290 3644 323 3679 n:
348 3629 455 3679 i'oeaoit
471 3645 531 3694 erpo
544 3629 595 3679 Ios.
613 3634 639 3679 et
655 3632 722 3693 cepit
738 3646 792 3679 eam
810 3631 914 3678 docere.-
943 3627 976 3677 Ut
988 3627 1049 3692 qaid
1064 3626 1237 3689 bksplssmosl
1261 3627 1317 3677 Iam

116 3717 186 3767 vides
198 3717 259 3782 quia
271 3716 315 3765 isti
326 3715 483 3766 habitatores
495 3716 526 3765 dc
538 3717 587 3766 isto
600 3715 656 3766 loco
668 3717 752 3766 odium
764 3717 857 3767 babent
868 3732 944 3779 saper
957 3731 1002 3764 aas
1014 3739 1023 3751 ·
1036 3714 1104 3763 daris
1118 3714 1153 3762 acl
1165 3729 1234 3762 sem:
1258 3715 1317 3780 Epo

116 3802 175 3852 bsrss
184 3803 236 3853 sss'e
246 3803 306 3867 qaia
315 3817 388 3851 snm.
399 3802 444 3852 isti
455 3826 465 3836 ·
479 3802 529 3866 ipsi
538 3802 615 3851 etiarn
624 3801 727 3851 videant
737 3801 909 3865 insipientiam
918 3816 997 3852 errare.
1016 3801 1054 3850 Et
1063 3799 1150 3850 statim
1162 3801 1189 3849 te·
1198 3801 1242 3865 qai
1249 3802 1315 3852 dire·

115 3889 176 3938 bost
192 3888 250 3938 ado.
263 3888 300 3937 Ie.
319 3888 372 3936 ceci
379 3888 425 3953 fa.
443 3891 509 3936 sant.
533 3888 572 3937 Et
583 3886 773 3938 deambulantes
785 3888 835 3937 dir.
848 3887 910 3952 qaia
927 3902 1010 3937 asses
1025 3901 1131 3936 sermes-
1145 3886 1188 3950 qss'
1195 3889 1316 3950 procede·

115 3976 175 4025 taret
186 3975 218 4025 ds
229 3989 273 4024 ere
285 3973 339 4023 sias
351 3973 377 4022 s's
388 3973 506 4036 operibus
517 3977 675 4023 exerceatur.

183 4063 208 4112 3.
227 4061 301 4110 Haeo
314 4059 343 4109 in
356 4074 374 4110 n
388 4064 469 4123 ceput
481 4058 576 4108 xxxi.
590 4059 723 4118 efficiunt,
737 4058 808 4123 quod
821 4058 991 4109 inscribitur:
1020 4057 1093 4120 Quod
1106 4057 1179 4108 Issus
1186 4059 1317 4122 probibuit

115 4146 207 4211 Iessple
225 4163 255 4196 us
269 4161 318 4209 per
336 4146 401 4194 iram
414 4161 468 4194 eane
481 4149 606 4208 tauperet.
633 4144 744 4209 Legitur
762 4144 814 4194 ibi:
835 4145 895 4193 Germ
914 4148 997 4194 astera
1011 4144 1116 4195 uidisset
1128 4145 1219 4207 Iosepd
1231 4169 1240 4182 ·
1252 4147 1317 4194 ssim

116 4233 145 4297 (Δ
157 4231 251 4296 autern)
264 4233 345 4282 neseis
356 4231 412 4296 quis
425 4229 522 4293 (codex
536 4231 609 4296 qaia,
627 4231 692 4280 item
711 4244 727 4278 n
746 4230 826 4295 qaod:
842 4230 949 4293 reposui
967 4229 1050 4296 igitur
1068 4244 1116 4294 per
1135 4230 1315 4282 coniecturam

116 4320 181 4386 peis)
195 4345 205 4358 ·
219 4318 319 4387 Srrffirit
332 4317 386 4376 titi,
399 4317 455 4367 vide
465 4316 527 4381 (sic)
540 4333 576 4367 rae
589 4321 614 4367 et
626 4316 679 4366 aeli
691 4331 750 4366 ms·
765 4317 939 4368 contristans.
960 4315 1081 4379 Quamvis
1092 4318 1158 4367 ssim
1170 4321 1249 4367 usses
1261 4318 1316 4377 sim,

118 4411 199 4457 tama
210 4412 270 4458 aste
282 4406 355 4472 teja.
369 4421 430 4456 srrm.

184 4492 230 4542 vl.
249 4492 281 4543 ln
293 4493 374 4543 titulo
385 4510 402 4543 a
410 4493 533 4558 mapistre
546 4491 701 4555 scripsimus
711 4506 759 4555 pro
773 4490 799 4538 irs
808 4505 881 4555 apro,
896 4490 967 4555 quod
978 4487 1061 4540 codex
1072 4501 1089 4538 s
1101 4488 1192 4542 hebet.
1209 4504 1228 4542 n
1238 4505 1315 4543 veros

118 4580 159 4631 De
170 4579 251 4629 zacse
263 4576 324 4640 (sic)
339 4580 461 4643 mapistro
474 4579 533 4629 lesse
544 4582 570 4629 et
582 4577 665 4627 serbis
677 4592 771 4626 eoram.

188 4667 211 4716 1.
239 4665 364 4715 lacteas.-
385 4665 544 4716 retinuimus
566 4665 594 4714 in
616 4663 667 4712 hoe
691 4664 797 4713 nomine
820 4665 992 4713 constantem
1014 4662 1174 4728 scripturum
1196 4663 1315 4715 codicum

119 4755 178 4803 set
190 4766 217 4804 n.
