3458 5640
293 635 429 681 me
761 614 1032 666 PROLEGOMENA.

295 768 402 835 Oura
424 766 807 848 sanitatis'Tiborii,
832 787 915 849 quae
937 766 1139 849 inscribitur,
1162 768 1312 848 quamvis
1335 788 1374 833 ex
1399 769 1491 834 codd.

296 879 404 945 octavi
426 883 461 942 et
481 877 559 942 noni
582 877 705 942 saeculi
728 877 919 958 innotuerit,
942 880 1052 942 aetate
1066 876 1206 942 inferior
1221 878 1266 942 sit
1281 899 1381 962 quam
1395 879 1491 947 Vin·

297 989 408 1054 dicta
427 986 664 1055 Salvatoris.

383 1096 539 1165 Codicum
567 1105 754 1164 nostrorum
781 1099 865 1164 alter
898 1103 948 1164 est
974 1099 1151 1167 Venetus
1178 1099 1341 1167 Maroian.
1374 1102 1412 1167 cl.
1439 1101 1490 1167 ΙΙ.

297 1212 366 1279 ood.
381 1212 501 1295 XLV,
524 1212 606 1280 altor
621 1211 801 1279 Mediolon.
823 1211 1004 1279 Ambros.
1028 1211 1124 1279 035.
1148 1213 1268 1280 saaouli
1290 1212 1358 1279 lere
1379 1217 1491 1297 quarti

296 1324 424 1392 docimi.
468 1323 609 1390 Tantum
632 1345 709 1389 voro
734 1323 1024 1408 anglosaxonicam
1042 1324 1242 1393 Goodwinus
1265 1324 1376 1391 hausit
1398 1348 1415 1391 e
1438 1347 1491 1392 co·

296 1437 368 1501 dice
392 1434 469 1501 bibl.
491 1436 579 1518 publ.
602 1434 802 1517 cantabrig,
825 1436 882 1517 qui
905 1445 1017 1501 estex
1041 1434 1215 1501 donatione
1238 1458 1336 1518 quam
1358 1436 1490 1502 Leofric

296 1547 470 1630 opiscopus
493 1544 567 1611 aedi
590 1544 769 1611 cathedrali
784 1543 941 1611 Uxelensi
958 1546 1109 1628 (Exoter)
1125 1547 1258 1611 ineunte
1277 1547 1408 1612 saeculo
1424 1547 1491 1612 XI.

295 1656 395 1729 lecit..
432 1656 532 1722 Alter
558 1661 670 1721 textus
698 1676 796 1739 quom
824 1655 965 1721 diximus
991 1657 1096 1739 ssaxl,
1128 1663 1178 1721 est
1209 1656 1331 1722 oodiois
1361 1656 1490 1724 Cotton.

295 1768 373 1834 bibl.
395 1766 495 1850 Vosp.
518 1767 551 1832 D
576 1770 624 1833 14.
668 1766 710 1832 In
732 1766 795 1832 hoo
815 1766 939 1852 legatio
961 1766 1129 1833 Nathanis
1152 1766 1222 1834 sola
1244 1768 1401 1852 traditur,
1426 1771 1490 1835 sin·

297 1880 405 1964 gulari
429 1878 571 1962 quadam
594 1878 734 1945 dialecto
757 1878 1011 1965 anglosaxonica
1032 1880 1165 1964 scripta.

300 2090 368 2138 lbos
389 2106 448 2139 aero
472 2097 532 2152 port
554 2106 648 2139 mmet
670 2090 757 2141 VIIII
779 2093 830 2140 iam
853 2090 956 2139 amas
977 2091 1004 2138 in
1022 2090 1081 2140 Iesu
1100 2089 1200 2139 Christo
1220 2090 1336 2142 Tiberino
1354 2093 1449 2142 Ceteras·
1465 2099 1491 2141 et

296 2190 374 2225 rosus
387 2175 481 2240 sartae
498 2191 516 2223 o
527 2175 612 2239 playa
628 2176 732 2240 eirinys's'
750 2191 822 2240 qaam
839 2175 935 2233 tabuit,
953 2178 979 2225 et
995 2179 1107 2224 mortam
1125 2179 1162 2225 eet
1179 2176 1206 2223 ia
1224 2175 1317 2227 lectulo
1335 2193 1379 2226 ruo
1397 2194 1489 2226 recum·

297 2261 356 2312 tm
377 2261 459 2326 (opud
478 2262 591 2328 Boggia.
611 2263 712 2327 legitur
729 2262 863 2312 Tiberium
886 2263 1055 2326 proposuisse
1078 2262 1185 2312 senatui
1207 2267 1239 2312 ut
1256 2261 1346 2313 Ionum
1364 2279 1490 2329 agnosca·

296 2352 359 2397 rant
380 2362 471 2397 aarum
498 2352 526 2397 ot
553 2362 680 2397 summum
704 2347 794 2407 doum,
822 2352 991 2413 statuamque
1018 2348 1075 2397 aius
1097 2362 1160 2412 praa
1183 2347 1306 2398 omuibus
1329 2350 1427 2400 octaris
1450 2351 1489 2401 iu·

296 2432 399 2498 signam
416 2431 476 2482 urbi
495 2430 672 2495 dedicarent).
710 2432 767 2481 llto.
