3458 5640
639 616 912 670 PBOLEGOMEM.
1291 634 1380 680 nm

178 765 311 833 iaceret
355 764 482 832 Tamen
511 785 595 850 quae
626 765 716 832 illius
744 764 1002 850 praedicationis
1028 765 1216 852 fragmenta
1243 788 1263 833 a
1291 771 1379 834 vete·

178 878 269 945 ribus
297 879 475 945 laudantur
503 879 727 946 coniecturam
754 881 854 945 istam
881 900 998 962 parum
1020 883 1216 946 sustentant.
1259 879 1378 966 Neque

178 994 206 1058 si
224 1015 264 1058 ex
285 994 369 1059 libro
386 997 455 1058 tam
472 992 595 1058 celebri
611 991 778 1058 Eusebius
793 992 1040 1058 Alexandrinus
1055 992 1230 1078 hausisset,
1252 994 1379 1060 fontem

178 1105 310 1170 silentio
333 1106 592 1188 praeteriturum
614 1105 716 1170 luisse
740 1103 847 1169 credo.
892 1104 982 1169 Hinc
996 1105 1107 1188 potius
1128 1105 1163 1170 in
1183 1108 1230 1170 eis
1245 1106 1378 1172 videtur

177 1216 310 1298 scriptis
325 1216 425 1281 luisse
442 1238 526 1298 quae
543 1217 576 1280 in
592 1237 774 1297 paucorum
789 1215 960 1281 hominum
980 1215 1135 1280 notitiam
1158 1222 1259 1298 atque
1282 1237 1378 1281 usum

178 1327 335 1408 venirent,
360 1325 543 1391 cuiusmodi
567 1324 672 1389 multa
694 1347 714 1389 a
737 1325 835 1390 claris
857 1323 1073 1406 scriptoribus
1089 1325 1239 1407 profecta
1254 1326 1379 1391 dudum

177 1438 301 1519 perisse
330 1438 459 1502 scimus.
502 1437 682 1519 Scripsisse
710 1458 788 1501 vero
819 1436 941 1501 librum
973 1440 1052 1518 puto
1081 1436 1307 1503 Christianum
1338 1458 1378 1503 ex

178 1546 312 1614 Iudaeis
336 1553 446 1613 ortum
457 1550 488 1634 ¹),
511 1549 625 1632 lingua
646 1569 741 1613 usum
763 1569 890 1633 graeca,
913 1548 1018 1613 bonae
1041 1548 1134 1613 illum
1150 1547 1280 1632 quidem
1300 1548 1378 1615 fidei

179 1661 235 1727 sed
261 1661 432 1745 theologia
455 1660 594 1726 ludaica
620 1682 686 1726 non
713 1659 923 1726 mediocriter
950 1659 1111 1725 imbutum
1140 1680 1200 1727 nec
1227 1661 1377 1745 ignarum

178 1771 327 1839 idearum
350 1773 584 1857 gnosticorum.
628 1773 782 1842 Gnostici
806 1772 893 1838 enim
910 1777 1114 1856 quantopere
1133 1771 1288 1840 delectati
1311 1774 1377 1839 sint

179 1886 372 1971 angelorum
395 1891 430 1952 et
452 1884 613 1952 bonorum
636 1890 670 1953 et
687 1887 848 1952 malorum
864 1886 1015 1968 partibus
1031 1884 1227 1968 excolendis,
1248 1886 1328 1952 item
1344 1890 1378 1952 et

180 1997 347 2064 coelorum
376 2002 409 2064 et
431 1998 612 2064 inferorum
633 1998 847 2082 imaginibus,
875 1998 992 2080 quanti
1016 1998 1115 2064 iidem
1138 2005 1172 2064 et
1194 1997 1322 2065 Christi
1345 2003 1378 2064 et

179 2107 442 2175 Christianorum
473 2109 612 2175 fecerint
642 2108 855 2193 baptismum,
888 2131 953 2192 quo
978 2109 1109 2192 quidem
1132 2108 1377 2175 Valentinianis

180 2220 328 2287 homines
350 2222 385 2287 in
407 2222 545 2288 salutem
567 2222 755 2306 regenerari
778 2221 839 2286 visi
863 2226 952 2303 sunt,
978 2221 1059 2286 satis
1084 2226 1223 2287 constat.
1266 2220 1377 2304 Inpri-

180 2334 241 2400 mis
263 2356 340 2400 vero
364 2334 603 2419 comparandae
621 2340 698 2400 sunt
714 2333 914 2418 Ophitarum
931 2335 1103 2418 opiniones
1119 2335 1158 2401 de
1174 2334 1263 2418 ligno
1279 2335 1376 2416 vitae,

180 2446 271 2511 cuius
299 2446 444 2512 balsamo
475 2448 618 2513 animam
645 2449 679 2512 in
708 2448 873 2531 baptismo
897 2448 976 2531 ungi
1000 2447 1166 2529 dixerunt,
1198 2446 1237 2511 de
1265 2446 1376 2511 anima
1412 2501 1415 2509 .

179 2563 293 2640 portas
321 2558 413 2641 regni
435 2557 649 2625 Ialdabaothi
678 2559 772 2643 signo
800 2559 888 2624 uitae
912 2557 1058 2639 (crucel)
1082 2557 1266 2639 aperiente,
1294 2557 1374 2623 item

179 2668 262 2734 aliae
291 2669 428 2752 similes,
461 2670 575 2753 quales
599 2673 699 2736 etiam
722 2692 763 2736 ex
785 2670 912 2736 duobus
934 2669 1140 2735 venerandae
1163 2669 1374 2753 antiquitatis

179 2781 407 2862 monumentis,
431 2803 516 2863 quae
539 2803 644 2865 nuper
667 2783 797 2849 demum
820 2781 918 2848 docta
941 2781 1128 2866 aequalium
1150 2780 1313 2847 industria
1336 2799 1376 2847 ex

178 2892 323 2959 tenebris
353 2894 535 2978 protraxit,
565 2895 872 2978 Philosophumena
898 2892 1210 2979 Pseudo-Origenis
1238 2892 1310 2959 dico
1334 2872 1377 2959 'et

180 3026 262 3089 opus
285 3005 452 3089 copticum
473 3008 596 3070 Πιστισ
611 2989 733 3092 Codro,
758 3007 840 3073 disci
862 3011 1009 3091 possunt.
1051 3006 1168 3089 Ipsum
1184 3006 1376 3072 descensum

180 3116 302 3184 Christi
327 3117 368 3182 ad
391 3118 514 3184 inferos
537 3141 557 3184 a
576 3120 757 3200 Gnostiois,
780 3124 818 3184 ut
840 3141 860 3184 a
880 3119 1061 3199 Marcione,
1083 3123 1252 3201 receptum
1275 3125 1375 3203 atque

179 3229 343 3294 excultum
367 3250 437 3294 esse
461 3235 592 3294 constat
601 3231 637 3312 ²).

263 3337 514 3404 Transeundum
541 3345 593 3405 est
618 3341 660 3405 ad
688 3341 850 3406 editiones
878 3339 1052 3422 utriusque
1077 3338 1117 3404 de
1140 3360 1205 3421 quo
1228 3341 1375 3424 disputa-

177 3447 282 3512 vimus
304 3448 408 3513 libelli
430 3469 451 3514 a
471 3449 637 3532 prioribus
660 3450 843 3516 editoribus
867 3449 1017 3515 omnibus
1037 3450 1265 3533 comprehensi
1281 3471 1376 3515 evan-

177 3556 263 3640 gelio
286 3556 469 3624 Nicodemi.
513 3559 590 3625 Hoc
612 3561 715 3640 igitur
739 3561 812 3644 quis
836 3562 977 3644 primum
999 3561 1102 3627 latine
1126 3561 1286 3642 emiserit,
1309 3582 1376 3627 non

176 3673 332 3736 accurate
361 3670 425 3735 dici
457 3676 576 3755 potest.
621 3671 704 3738 Tres
737 3673 824 3738 enim
856 3673 1016 3740 editiones
1048 3674 1118 3740 sine
1147 3673 1212 3751 loci
1241 3673 1319 3739 anni
1343 3679 1376 3740 et

175 3787 329 3866 typorum
353 3784 523 3850 notatione
546 3785 771 3870 innotuerunt,
794 3786 948 3852 recensiti
973 3785 1153 3853 aThilone
1170 3785 1250 3854 Ood.
1266 3808 1375 3871 apocr.
1411 3782 1416 3797 ’

176 3917 206 3979 p.
231 3895 421 3963 CXXXII.
471 3896 586 3963 Tertio
620 3896 693 3964 loco
725 3919 822 3982 quam
854 3899 978 3982 posuit,
1011 3901 1270 3966 consentientem
1302 3922 1375 3966 cum

176 4007 322 4074 editione
336 4007 505 4091 Lipsienei
529 4033 555 4074 a.
575 4013 674 4093 1516,
698 4032 769 4076 eam
789 4032 854 4077 non
870 4032 943 4075 cum
959 4009 1100 4078 (Philone
1116 4034 1176 4095 pro
1194 4012 1376 4078 editionum

175 4120 318 4184 omnium
340 4121 448 4201 prima
463 4121 644 4185 habuerim.
690 4121 784 4205 erae
807 4121 878 4185 laus
902 4123 1012 4203 potius
1035 4124 1069 4186 in
1093 4144 1166 4188 eam
1190 4121 1306 4187 cadere
1329 4123 1375 4187 vi·

260 4361 283 4429 ¹)
308 4366 378 4417 llino
401 4381 455 4416 non
479 4366 512 4415 ad
537 4366 605 4417 alios
629 4366 681 4417 nisi
704 4366 812 4417 Veteris
837 4366 999 4417 'l'sstimeuti
1021 4368 1080 4432 pios
1105 4368 1249 4418 salutarem
1273 4364 1374 4417 Christi

174 4451 245 4519 apud
264 4453 365 4504 inferos
384 4451 529 4503 adventum
549 4452 685 4516 pertinere
704 4453 780 4503 facit.
816 4453 904 4504 Aliter
922 4453 1052 4503 Marcion.

260 4538 283 4605 ¹)
302 4541 343 4591 Ad
361 4546 446 4592 totam
466 4541 535 4591 hanc
554 4540 586 4591 de
606 4541 674 4592 actis
687 4540 771 4591 Pilati
791 4541 984 4606 expositionem
1004 4541 1174 4593 adhibuimus
1194 4556 1261 4606 quae
1280 4540 1374 4592 indis·

175 4627 323 4677 sartations
350 4628 441 4676 nostra
460 4625 573 4690 Hagen·
598 4624 610 4688 §
631 4627 672 4675 15.
694 4624 851 4675 incendam
877 4642 931 4676 ram
956 4626 1123 4691 scripsimus,
1147 4626 1199 4676 nisi
1218 4625 1289 4691 quod
1309 4642 1374 4676 non·

175 4711 257 4759 nullis
276 4711 380 4760 omissis
399 4709 452 4759 alia
471 4708 630 4767 addidimus,
650 4710 703 4759 alis
722 4709 893 4760 mutavimus.
