3458 5640
282 552 324 615 93
480 549 812 601 ascaro-narrum
831 550 1076 602 avaroucruu.
1107 547 1183 603 aar.
1203 552 1281 602 xxx.

281 700 356 765 bat:
402 699 456 762 Tu
482 719 550 762 non
575 698 626 762 vis
651 697 761 760 tilium
785 703 883 761 tuum
908 697 1046 761 tradere
1076 703 1116 762 ut
1140 697 1308 762 doceatur
1332 700 1483 763 scientia

282 801 435 867 humana
450 806 485 866 et
501 796 648 864 timore?
672 797 742 865 Sed
757 798 857 865 video
875 806 909 863 te
930 797 1121 892 etMariam
1136 799 1215 883 plus
1226 800 1314 866 velia
1332 799 1480 886 diligere

283 902 393 967 filium
409 908 559 967 vestrum
577 921 680 984 quam
696 900 904 966 traditiones
924 902 1100 966 seniorum
1116 902 1248 985 populi.
1284 901 1483 987 Oportebat

284 1006 376 1070 euim
392 1025 454 1100 vos¹
466 1003 545 1087 plus
562 1003 732 1069 honorare
749 1001 971 1087 presbyteros
989 1005 1097 1069 totius
1114 1003 1283 1071 ecclesiae
1299 1004 1423 1088 Israel,
1446 1013 1482 1073 et

283 1104 1482 1175 utcuminfantibuemutuamhaberetcaritatemetintereosiudaica

284 1208 483 1275 erudiretur
499 1208 669 1275 doctrina.
715 1209 726 1241 ¹
745 1203 811 1272 Oui
833 1227 850 1272 e
868 1209 1042 1274 contrario
1060 1207 1148 1274 dixit
1163 1209 1305 1295 Ioseph:
1336 1211 1384 1276 Et
1400 1212 1480 1296 quie

284 1314 415 1395 estqui
438 1313 552 1394 possit
567 1311 660 1375 hunc
681 1309 851 1375 infantem
868 1317 987 1376 tenere
1011 1320 1046 1376 ot
1061 1310 1210 1377 docere?
1241 1311 1310 1379 Sed
1332 1316 1361 1378 si
1379 1321 1481 1397 potes

283 1421 320 1480 tu
342 1421 462 1479 tenere
486 1412 668 1478 ctdoce1·e
692 1434 785 1494 eum,
810 1434 873 1477 uos
895 1415 1035 1478 minime
1059 1413 1282 1495 prohibemus
1304 1436 1382 1481 eum
1404 1438 1424 1482 a
1444 1423 1479 1482 te

283 1516 400 1583 doceri
419 1536 507 1600 quae
529 1515 571 1580 ab
594 1514 754 1580 omnibus
771 1513 964 1580 discuntur.
997 1515 1140 1582 Auditis
1155 1517 1256 1583 [esus
1277 1539 1365 1602 quae
1387 1519 1482 1585 dixe-

283 1617 697 1705 ratZachyaarespondit
712 1618 743 1684 ei
761 1617 906 1684 etdixit:
929 1617 1145 1704 Praeceptor
1158 1619 1256 1706 legis,
1274 1642 1362 1706 <luae
1373 1622 1480 1707 paulo

264 1731 364 1792 'ante
387 1724 508 1789 dixisti
529 1729 564 1789 et
584 1724 700 1790 omnia
722 1743 810 1806 quae
831 1722 1018 1789 nominasti
1045 1733 1184 1809 oportet
1206 1727 1334 1791 serrari
1359 1725 1401 1792 ab
1425 1725 1481 1792 his

284 1828 542 1914 quisshomiuum
565 1826 736 1893 docentur
756 1827 943 1893 institutis:
970 1827 1040 1893 aed‘
1054 1834 1239 1896 extraneus
1257 1851 1332 1896 sum
1352 1853 1373 1896 a
1393 1830 1481 1898 foria

283 1933 424 2015 vestris,
452 1932 535 2015 quia
557 1937 737 2015 parentem
764 1930 937 1996 carnalem
963 1953 1032 1997 nou
1058 1932 1180 1999 habeo.
1211 1932 1264 1998 Tu
1288 1935 1347 2018 qui
1368 1934 1482 2020 legem

283 2035 372 2119 legis
390 2042 425 2100 et
440 2035 633 2099 instructus
645 2054 692 2117 ea,
710 2035 746 2099 in
757 2034 834 2118 lege
845 2056 1042 2118 permanes:
1061 2057 1124 2120 ego
1143 2044 1258 2102 auteur
1275 2042 1356 2101 oute
1368 2037 1483 2121 legem

285 2159 387 2204 eram.
425 2134 495 2202 Sed
512 2157 589 2200 cum
604 2143 706 2219 putes
723 2143 757 2201 te
778 2159 846 2201 non
864 2137 992 2202 habere
1009 2159 1127 2220 parem
1149 2139 1185 2201 iu
1206 2138 1382 2218 doctriua,
1406 2162 1484 2203 cru-

286 2239 393 2304 dieris
410 2259 430 2303 a
445 2258 509 2319 me,
528 2240 690 2320 quoniam
708 2259 808 2304 nemo
826 2239 915 2304 alius
932 2245 1049 2322 potest
1060 2239 1185 2304 docere
1203 2241 1271 2304 nisi
1288 2239 1374 2304 haec
1391 2261 1482 2323 (punc

284 2340 482 2404 nominasti.
516 2336 598 2421 Ipse
616 2341 706 2403 enim
725 2346 843 2423 potest
859 2342 918 2423 qui
936 2341 1062 2423 dignus
1080 2346 1142 2406 est.
1176 2338 1253 2424 Ego
1270 2347 1386 2405 autern
1404 2362 1483 2405 curu

285 2442 456 2507 exaltatus
478 2440 576 2504 fuero
602 2448 753 2524 eterra,
780 2462 916 2507 cessare
942 2440 1066 2506 faciam
1092 2460 1228 2507 omnem
1252 2442 1482 2526 genealogiae

282 2551 417 2610 vestrae
435 2545 657 2609 mentionem.
688 2543 740 2609 Tu
759 2545 897 2628 quando
916 2552 1018 2610 natus
1036 2565 1082 2627 es,
1100 2545 1256 2628 ignoras:
1279 2565 1342 2628 ego
1363 2550 1481 2611 autem

283 2723 369 2772 torma
382 2723 409 2772 in
419 2722 536 2771 'thomae
550 2725 689 2788 ovnrrgelio
702 2723 801 2774 Graeco
815 2724 924 2788 iegitur,
938 2724 982 2773 ubi
993 2739 1050 2787 cap.
1062 2722 1106 2771 VI.
1119 2719 1269 2786 Ζακχαῖοσ
1281 2722 1403 2781 habetur,
1414 2724 1481 2774 itera

283 2808 353 2874 apud
364 2807 466 2873 Syrum.
481 2807 485 2873 Ι
499 2809 664 2858 traditiones:
683 2811 722 2857 ita
732 2823 766 2869 1›;
785 2824 801 2857 x
813 2810 1028 2859 contradictiones
1041 2807 1045 2873 Ι
1061 2825 1103 2858 ooe
1117 2816 1148 2858 ut
1158 2820 1192 2868 υς
1211 2823 1228 2856 x
1238 2804 1301 2873 noel
1316 2809 1384 2857 inter
1396 2825 1438 2858 eoa
1451 2816 1482 2859 ut

283 2907 318 2956 υς
332 2895 487 2943 tinterniae

353 2982 435 3029 asic:
457 2980 586 3044 Maqieter
602 2986 697 3038 autent,
715 2981 868 3030 Zaretarnene
884 2982 993 3038 notariae,
1012 2995 1065 3028 cam
1083 2979 1195 3027 amtieeet
1212 2993 1266 3026 enin
1277 2977 1344 3027 talia
1356 2980 1433 3028 verba
1445 2980 1482 3030 ta·

285 3070 406 3131 queniam,
419 3067 500 3130 coepit
512 3067 565 3114 eine
577 3067 666 3115 timore
679 3066 748 3131 toqui
760 3071 849 3116 contra
862 3067 952 3131 Ioseph
962 3066 1049 3115 (licens
1057 3065 1154 3128 (codex
1162 3064 1308 3126 dicentem:
1324 3065 1360 3114 Ta
1370 3067 1407 3114 oie
1416 3069 1484 3130 pacit

286 3153 355 3209 filine
368 3155 426 3201 tane
437 3156 535 3201 crescat
546 3168 595 3201 non
608 3150 753 3215 intelligent
765 3154 886 3201 mandata
899 3152 977 3215 lepis!
995 3151 1045 3200 Car
1059 3152 1138 3214 ipsam
1147 3150 1205 3198 dam
1215 3166 1280 3213 puer
1292 3156 1330 3200 eet
1341 3168 1390 3200 naa
1399 3151 1483 3210 dacer,

287 3243 312 3288 et
323 3237 453 3302 transacio
464 3242 492 3285 at
505 3238 638 3286 caritatem
649 3238 740 3288 lrabeat
752 3239 819 3287 inter
824 3238 899 3303 filiae
913 3237 1013 3287 lsrael!
1037 3237 1146 3286 Irulaica
1158 3235 1293 3285 erraiiatnr
1304 3236 1431 3286 doctrina.

356 3323 424 3373 Item
439 3337 471 3372 u:
490 3323 618 3387 Mapieter
630 3325 719 3372 iterum
732 3324 834 3387 quintam
846 3324 939 3372 Iarteaa
951 3325 1048 3372 narniae
1060 3323 1178 3380 Zaatriax,
1192 3322 1298 3371 audiena
1309 3323 1340 3371 de
1353 3324 1411 3372 Iena
1424 3326 1485 3388 qaia

287 3413 313 3461 in
321 3427 349 3460 eo
359 3409 539 3475 temperabilis
547 3414 611 3459 eeeet
620 3410 758 3474 sapiencia,
763 3412 856 3474 sactae
864 3415 902 3459 est
910 3410 998 3458 dolena
1007 3415 1032 3459 et
1042 3410 1109 3472 cepit
1119 3435 1127 3445 ·
1137 3409 1247 3457 Dicebat
1258 3409 1338 3457 enim:
1352 3435 1360 3445 ·
1374 3411 1485 3459 sciencia

286 3499 395 3547 hamana
407 3497 520 3546 timorit?
544 3495 595 3545 Seri
607 3496 706 3545 videtin
718 3499 742 3544 te
758 3501 783 3545 et
795 3495 909 3544 Mariam
922 3521 930 3532 ·
944 3511 1018 3560 qaam
1030 3495 1186 3544 tradiciones
1196 3511 1247 3544 sen.
1256 3511 1317 3560 pop.
1345 3497 1485 3560 Oportebat

287 3585 351 3632 enim
362 3599 406 3632 aas
418 3609 426 3618 ·
439 3582 534 3640 Israel,
546 3587 575 3631 nt
587 3598 640 3630 cum
653 3608 662 3617 ·
675 3584 742 3631 inter
754 3598 796 3631 eae
808 3583 859 3631 aaa.
873 3583 943 3632 erari.
955 3583 1037 3632 aava.

356 3672 379 3719 2².
398 3668 1021 3735 aequaremuxtaqaalxaunass1013
1036 3681 1055 3717 n
1069 3665 1189 3732 arulienel
1201 3671 1357 3732 praeceptor
1368 3674 1446 3730 uta;
1467 3685 1483 3719 x

283 3757 456 3822 praeceptori.
485 3755 654 3805 Conieceram
669 3756 695 3805 iu
709 3757 750 3806 ed.
764 3760 787 3807 1.
796 3761 937 3820 praecepta
950 3753 954 3822 Ι
969 3755 1028 3821 Ipae
1040 3758 1103 3805 enirn
1111 3760 1197 3819 pateat
1208 3755 1252 3820 qni
1264 3755 1294 3817 (a
1307 3753 1379 3819 quia)
1392 3756 1486 3820 dipem

288 3849 339 3894 eet.-
358 3844 483 3909 proposui
502 3843 530 3891 in
544 3841 585 3891 od·
600 3845 623 3892 1.
648 3840 757 3906 Qniepae
769 3843 832 3891 enim
841 3846 926 3907 potent
939 3842 1026 3906 peritae
1037 3842 1128 3905 dipnne
1139 3845 1184 3890 eet.
1210 3841 1348 3904 Scriptura
1361 3842 1484 3892 codicum

287 3930 330 3978 vix
343 3944 416 3978 rane.
435 3918 508 3986 Quae
521 3928 637 3991 proxime
651 3927 823 3992 praecedunt,
836 3929 927 3992 paulic
940 3930 1021 3977 aliter
1034 3929 1061 3977 in
1072 3943 1090 3976 a
1102 3929 1228 3991 leguntur
1241 3925 1318 3990 (qnae
1330 3943 1400 3976 mmo
1413 3928 1485 3978 atina

287 4015 377 4063 docere
386 4002 471 4074 pateat
482 4014 532 4061 nisi
543 4013 584 4060 tio
595 4028 665 4075 quem
677 4013 837 4074 nominata),-
854 4012 902 4062 aed
916 4018 1011 4062 neutra
1024 4013 1090 4061 aetia
1103 4013 1219 4075 placent.
1233 4011 1237 4076 1
1251 4027 1268 4059 a
1280 4016 1353 4060 ima
1369 4016 1401 4062 ut
1413 4025 1447 4073 υς
1466 4028 1484 4062 a

288 4100 399 4148 interra

359 4182 402 4231 Sic
421 4184 503 4247 igitur
516 4196 548 4229 n:
575 4182 620 4230 aaa·
636 4198 649 4229 e
662 4186 751 4230 contra
764 4183 815 4230 Ioe.
828 4183 880 4231 ait:
905 4181 1011 4244 litania
1026 4184 1063 4228 eet
1076 4181 1118 4242 qai
1129 4182 1194 4227 tuno
1212 4181 1259 4243 ins.
1270 4181 1352 4243 poarit
1364 4185 1448 4228 tenere
1460 4187 1485 4230 et

288 4267 361 4315 docnt
385 4266 436 4314 Sed
448 4267 471 4314 ei
489 4272 516 4315 tn
526 4271 599 4329 poter
610 4282 663 4314 eam
676 4270 725 4315 ten.
744 4271 768 4315 et
780 4268 834 4315 ciac.
849 4291 856 4301 -
869 4267 955 4314 doceri
973 4282 990 4313 a
1003 4270 1027 4313 te
1038 4280 1068 4311 ea
1081 4281 1144 4326 qnae
1162 4265 1193 4311 (ab
1205 4264 1342 4313 horninibus
1354 4265 1485 4314 docentur.

288 4352 403 4398 ,initiens
415 4351 451 4398 Ie.
465 4366 529 4413 parre
541 4350 649 4398 Zactiaa
661 4351 723 4408 (lia,
736 4366 802 4414 resp.
815 4355 840 4398 et
851 4351 903 4399 aa.
917 4350 952 4397 ei:
971 4349 1127 4411 Praeceptor·
1140 4347 1210 4410 lepis,
1223 4349 1306 4396 omnia
1318 4363 1382 4410 qaae
1390 4348 1486 4410 paula·

288 4436 340 4485 tnnc
357 4441 417 4484 rente
428 4436 480 4484 dia.
500 4440 525 4484 et
536 4437 671 4484 nominasti
683 4440 782 4501 oportet
794 4435 927 4485 obseratae
938 4436 1057 4483 hominem
1070 4433 1174 4482 similene
1186 4433 1231 4482 tui.
1256 4433 1363 4482 Alienae
1374 4449 1420 4496 epa
1431 4449 1486 4481 carra

288 4523 319 4571 ab
339 4523 476 4582 inatitntia,
495 4527 630 4572 extraneae
648 4540 665 4571 a
674 4524 748 4589 sarie
760 4524 864 4580 aeatrie5
874 4527 1007 4587 parentem
1019 4521 1147 4570 carnalem
1159 4537 1208 4570 non
1220 4520 1306 4569 trabea.
1339 4520 1374 4569 i'a
1387 4521 1486 4584 paneae

289 4611 366 4674 lepem
379 4610 442 4674 lepis
454 4615 478 4659 et
490 4612 628 4661 instructas
640 4613 666 4660 in
679 4612 733 4675 leqe
740 4628 874 4676 permanea
887 4638 895 4648 ·
908 4628 962 4660 cam
971 4615 1050 4675 patae
1062 4635 1071 4647 ·
1084 4627 1100 4658 a
1112 4625 1149 4658 me
1161 4625 1225 4674 qnae
1238 4623 1306 4658 neno
1318 4607 1386 4656 aliae
1395 4608 1486 4657 (locere

283 4702 370 4763 potest
382 4698 432 4747 nisi
443 4699 483 4748 tic
492 4715 563 4763 paena
572 4699 714 4750 nominanti.
733 4700 793 4765 Ipse
805 4700 869 4749 eninr
877 4703 963 4765 potest
974 4700 1034 4764 quia
1042 4698 1133 4763 dianae
1145 4702 1189 4748 eet.
1208 4697 1266 4761 Epo
1279 4722 1288 4733 ·
1301 4712 1319 4745 a
1331 4700 1411 4754 terna,
1424 4684 1486 4746 aeui.
