3458 5640
265 583 328 645 380
696 583 808 633 ansus
828 584 954 635 mmm.
977 585 1032 636 xv.

266 731 450 799 introduxit
472 751 527 798 eos
546 730 747 797 Nicodamus
769 732 802 796 in
825 731 955 799 domum
978 754 1080 800 suam.
1117 734 1163 799 Et
1177 733 1264 799 sedit
1278 734 1466 816 concilium,

265 843 299 903 et
321 835 443 919 Ioseph
465 836 550 902 sedit
571 837 606 901 in
620 836 727 903 medio
741 838 862 904 Annae
878 845 911 904 et
928 838 1088 923 Caiphae:
1112 843 1146 905 et
1168 859 1262 905 nemo
1286 859 1388 904 ausus
1411 845 1465 905 est

264 943 356 1028 loqui
378 943 520 1008 verbum.
565 942 611 1007 Et
633 941 716 1007 dixit
739 942 782 1007 ad
805 964 860 1008 eos
882 942 1018 1028 Ioseph:
1047 943 1096 1010 Ut
1117 943 1197 1028 quid
1219 944 1362 1010 vocastis
1385 942 1462 1011 me?

264 1047 321 1113 Illi
344 1070 419 1115 vero
442 1049 621 1113 innuerunt
644 1046 746 1113 oculis
763 1047 945 1115 Nicodemo
968 1056 1007 1115 ut
1028 1050 1219 1134 loqueretur
1241 1070 1316 1115 cum
1330 1048 1463 1134 Ioseph.

266 1153 430 1236 Aperiens
454 1157 564 1217 autem
586 1149 786 1217 Nicodemus
809 1173 845 1218 os
869 1173 964 1218 suum
987 1153 1083 1218 dixit:
1114 1153 1218 1219 Pater
1239 1151 1374 1237 Ioseph,
1397 1154 1463 1219 sois

264 1257 344 1340 quia
366 1254 544 1321 venerandi
564 1254 723 1320 didascali
746 1256 933 1322 sacerdotes
957 1263 991 1322 et
1005 1257 1143 1324 Levitae
1160 1263 1325 1341 quaerunt
1346 1256 1463 1323 sudus

264 1366 339 1426 ate
362 1358 506 1424 verbum.
550 1359 597 1424 Et
619 1358 702 1424 dixit
723 1357 858 1442 Ioseph:
889 1360 1109 1444 Interrogate.
1154 1361 1322 1426 Tollentes
1350 1368 1463 1426 autem

262 1459 381 1525 Annas
405 1464 438 1523 et
454 1458 599 1542 Oaiphas
620 1459 727 1542 legem
750 1458 987 1526 adiursverunt
1001 1459 1124 1545 Ioseph
1140 1460 1299 1526 dicentes:
1322 1461 1378 1527 Da
1393 1461 1462 1545 glo·

262 1565 347 1628 riam
375 1562 435 1629 deo
462 1560 584 1643 Israel,
617 1568 651 1626 et
677 1561 720 1627 da
747 1563 778 1627 ei
806 1562 1044 1631 confessionem
1072 1571 1201 1629 utnon
1231 1562 1413 1629 abscondas
1440 1584 1462 1629 a

263 1668 356 1733 nobis
379 1665 483 1732 ulium
498 1664 642 1732 verbum.
678 1666 726 1731 Et
743 1665 897 1732 dixerunt
919 1668 961 1733 ad
985 1690 1071 1734 eum:
1095 1667 1250 1734 Tristitia
1273 1668 1462 1734 contristati

262 1793 376 1837 sumus
407 1771 564 1856 quoniam
595 1770 708 1854 petisti
739 1792 856 1855 corpus
887 1771 966 1839 Iesu
999 1780 1033 1838 et
1062 1773 1228 1838 involvisti
1260 1782 1294 1837 in
1326 1772 1462 1838 sindone

263 1875 395 1956 munda,
418 1881 452 1941 et
473 1874 614 1959 posuisti
638 1896 711 1940 cum
733 1875 767 1939 in
790 1881 1009 1941 monumento.
1052 1874 1132 1942 Ideo
1155 1876 1349 1941 inclusimus
1372 1882 1405 1941 te
1427 1877 1461 1940 in

263 1978 359 2042 domo
381 1976 439 2043 ubi
461 1978 553 2043 nulla
577 1984 649 2043 erat
670 1978 829 2060 fenestra,
857 1986 891 2044 et
912 1978 1037 2044 clavem
1061 1979 1271 2062 sigillumque
1293 1980 1462 2061 posuimus

262 2081 297 2143 in
324 2079 439 2145 ianua:
472 2084 505 2144 et
530 2100 598 2144 una
621 2079 751 2145 sabbati
775 2082 961 2164 aperientes
984 2082 1102 2146 ianuas
1124 2102 1190 2145 non
1212 2082 1397 2147 invenimus
1419 2087 1462 2145 te.

264 2178 462 2246 Contristati
493 2200 571 2263 ergo
598 2200 710 2245 sumus
736 2181 845 2262 valde,
875 2187 910 2246 et
936 2186 1051 2263 stupor
1078 2183 1177 2246 irruit
1204 2203 1304 2264 super
1331 2202 1462 2247 omnem

262 2457 340 2522 (heac
354 2473 371 2510 Β
384 2461 446 2524 om).
476 2462 514 2510 Et
530 2462 596 2510 sedit
615 2461 746 2511 concilium
763 2465 788 2511 st
805 2462 834 2524 (Δ
847 2477 888 2511 om
906 2478 975 2512 cane.
990 2460 1026 2525 et)
1039 2465 1092 2512 Ias.
1105 2462 1172 2511 sedit
1184 2461 1214 2526 (a
1227 2460 1281 2525 om)
1299 2462 1325 2511 in
1336 2462 1419 2512 medio
1432 2463 1460 2525 (n

261 2545 341 2610 inter)
360 2548 450 2595 Annas
468 2549 493 2595 et
513 2546 624 2610 Oaipbae
642 2545 670 2608 (B
688 2563 740 2595 -am
758 2551 782 2596 et
800 2547 862 2613 am)
882 2564 938 2597 curu
957 2560 993 2599 ΑΒ
1012 2583 1042 2597 ..
1062 2560 1077 2599 c
1095 2550 1120 2597 et
1134 2549 1269 2612 postquam
1284 2547 1462 2597 enataverunt

261 2651 287 2683 se
305 2634 340 2683 ad
358 2635 472 2693 invicem,
490 2635 664 2692 consederunt,
682 2636 783 2685 sedente
795 2637 885 2701 Iosepb
896 2637 924 2685 in
941 2634 1198 2686 marcennaco.
1213 2634 1218 2698 )
1234 2634 1273 2684 Et
1282 2651 1352 2684 mmo
1365 2634 1394 2696 (n
1407 2634 1461 2685 add

264 2718 359 2783 sorurn)
377 2735 453 2769 ausus
470 2723 508 2770 est
525 2718 552 2782 (c
565 2720 684 2780 audebat)
699 2721 768 2784 loqui
785 2721 854 2772 serb.
869 2720 897 2784 (n
909 2738 947 2772 ss.
961 2737 1017 2782 om;
1037 2735 1052 2772 c
1067 2721 1227 2784 interroqars
1239 2719 1291 2769 Ias.
1304 2719 1387 2782 verb.)
1403 2719 1408 2784 Ι
1423 2721 1462 2769 Et

264 2802 319 2853 dic.
333 2805 367 2853 ad
379 2804 462 2867 eos(1s
474 2805 528 2868 οιιι)
542 2807 593 2854 Ios.
613 2804 647 2854 Ut
658 2804 686 2867 (Β
699 2804 751 2868 om)
765 2805 824 2870 quid
835 2809 931 2856 cocart.
944 2823 981 2855 ms
994 2806 1022 2869 (s
1033 2819 1173 2857 cocarsme
1181 2803 1298 2869 fecistis)
1311 2821 1370 2855 cnm
1383 2818 1418 2858 nn
1431 2840 1460 2857 ..

265 2902 341 2940 com
365 2886 370 2950 Ι
396 2888 519 2938 Illicere
538 2888 565 2951 (o
584 2886 645 2949 Sed)
663 2889 762 2938 innuer.
782 2887 809 2952 (c
827 2889 973 2952 innuebant)
992 2891 1072 2941 oculis
1089 2889 1117 2953 (n
1136 2892 1189 2959 om)
1209 2891 1267 2941 Nic.
1285 2895 1314 2940 es
1337 2890 1387 2954 loq.
1407 2905 1462 2939 cum

265 2976 294 3041 (e
307 2976 380 3040 omi)
398 2976 451 3026 Ias.
466 2974 494 3039 (a
507 2974 565 3038 illo)
581 2977 586 3035 )
601 2977 728 3040 Aperiens
745 2980 827 3026 autem
840 2977 898 3027 Nic.
912 2994 940 3028 os
956 2995 978 3028 s.
992 2979 1060 3029 dicit
1076 2995 1135 3030 eum
1147 2995 1181 3034 nc
1201 2993 1261 3032 ..n
1277 2979 1390 3044 Serpens
1400 2995 1461 3043 erpa

265 3062 324 3112 Nic.
338 3062 391 3110 din.
408 3061 413 3125 Ι
428 3062 510 3110 Pater
522 3062 573 3111 Ios.
588 3077 647 3110 cum
659 3073 685 3119 Β,
704 3061 799 3113 itemn
817 3062 914 3112 additis
931 3063 1084 3114 uenerabilis
1101 3067 1168 3115 omni
1182 3065 1278 3131 populo
1296 3064 1382 3114 lsrael
1400 3100 1408 3114 .
1424 3076 1462 3115 ‚c

264 3150 299 3198 ad
317 3151 408 3212 Iosepb
430 3148 589 3198 Venierabilis
604 3152 681 3212 pater
699 3150 765 3198 omni
778 3165 840 3214 pop.
858 3149 929 3213 Isr.)
950 3151 1000 3201 scis
1018 3167 1076 3201 cum
1094 3167 1111 3204 n
1133 3187 1161 3204 ..
1183 3165 1200 3202 Β
1218 3153 1293 3210 scias,
1313 3165 1328 3203 c
1346 3168 1437 3201 noscas
1456 3149 1460 3216 Ι

264 3237 403 3285 venerandi
421 3236 474 3286 did.
487 3252 541 3285 sac.
555 3240 580 3284 et
590 3235 652 3284 Leo.
673 3252 731 3285 cum
744 3248 780 3287 AB
798 3271 825 3286 ..
845 3238 1006 3301 eprinclpes
1023 3239 1180 3288 sacerdotum
1195 3238 1200 3302 Ι
1216 3243 1379 3303 quaerunt..
1393 3251 1462 3290 ccu-

263 3325 338 3385 piant
352 3323 357 3386 Ι
373 3323 463 3371 audire
482 3340 498 3370 a
516 3326 541 3370 te
558 3322 625 3371 oerb.
644 3338 703 3371 cum
722 3336 780 3373 c..
798 3338 814 3373 Δ
833 3340 850 3371 a
868 3328 892 3372 ts
910 3323 980 3387 loqui
997 3323 1065 3372 aerb.
1079 3323 1192 3388 aliquod,
1211 3325 1325 3374 adicere
1337 3325 1462 3388 quoddam

264 3408 331 3457 verb.
347 3410 352 3468 Ι
368 3409 406 3454 nu
418 3408 446 3469 (u
460 3407 512 3469 om)
525 3408 578 3455 dia.
591 3408 642 3456 Ios.
658 3406 685 3467 (c
703 3409 740 3455 As
758 3407 815 3469 ille)
829 3408 991 3469 Interropate
1007 3409 1035 3468 (Δ
1052 3407 1120 3469 Quid
1137 3408 1216 3457 saltis
1232 3414 1261 3457 ut
1278 3410 1362 3456 dicam
1380 3409 1462 3465 uobis,-

265 3507 281 3545 c
299 3495 475 3556 Interroqetis,
493 3497 518 3541 et
535 3509 580 3556 epo
598 3493 763 3555 respondebo)
784 3491 789 3556 Ι
812 3494 939 3542 Pallentes
957 3499 1009 3542 aut.
1029 3497 1119 3543 Annas
1136 3492 1182 3556 (ΑΒ
1200 3496 1357 3558 pierumque
1376 3497 1461 3552 Anna,

265 3579 330 3626 item
350 3577 420 3639 odor)
439 3580 465 3624 et
484 3576 528 3625 Oa'.
549 3576 627 3640 leqem
645 3575 672 3636 (c
690 3577 825 3641 Principes
844 3593 904 3627 aero
922 3577 1041 3627 tollentes
1059 3577 1120 3641 leq.)
1139 3608 1149 3618 ·
1167 3578 1279 3626 dicentes
1296 3577 1323 3640 (c
1342 3577 1394 3627 edd
1413 3579 1462 3627 Re·

264 3663 371 3711 amende
385 3664 464 3724 pater
476 3659 577 3724 Iosepb)
597 3690 606 3699 -
623 3661 660 3709 da
671 3661 695 3708 si
707 3658 736 3722 (u
749 3659 801 3723 die)
815 3661 993 3726 confessionem
1010 3665 1098 3711 utnon
1110 3662 1250 3711 abscondas
1263 3669 1292 3723 (n
1305 3663 1411 3728 consess.
1426 3663 1462 3711 Er

266 3749 382 3813 quoniam
397 3752 475 3812 pater
493 3764 519 3796 es
531 3751 604 3809 Iasep
622 3750 722 3796 ansatus
740 3744 821 3811 [hanc
834 3763 925 3798 uocem
944 3749 1038 3799 dubito
1058 3765 1092 3798 aa
1111 3756 1184 3799 recto
1203 3747 1336 3815 legerim)
1354 3765 1404 3799 nen
1419 3749 1461 3797 ab·

265 3835 385 3890 scandas,⁸
405 3846 421 3883 n
440 3835 547 3899 consess.
573 3833 610 3880 Et
629 3834 741 3896 quemme
758 3834 856 3882 acriter
872 3834 899 3882 in
917 3836 941 3884 ts
956 3837 1124 3898 peccavimus,
1140 3837 1293 3897 peterten,
1311 3850 1360 3883 nan
1378 3837 1462 3881 tannen

267 3919 347 3982 abac.)
366 3936 383 3968 a
401 3920 446 3982 (en
460 3917 513 3981 om)
532 3918 588 3968 nob.
600 3917 648 3967 ull.
662 3918 729 3968 oerb.
743 3934 801 3969 cum
814 3932 865 3971 cna
884 3953 892 3967 .
908 3957 914 3969 .
935 3910 996 3970 1)·ιω
1009 3920 1070 3970 sdP¹
1082 3923 1173 3971 Annas
1190 3925 1215 3970 et
1228 3920 1316 3983 annb.
1330 3922 1356 3969 et
1368 3919 1460 3969 Nicod.

265 4009 348 4057 diam.
359 4008 393 4056 ad
406 4008 497 4069 losepb
509 4006 553 4055 Da
566 4007 730 4071 censendae
744 3995 787 4066 (0¹³
798 4006 852 4069 om)
866 4008 951 4056 Israel
964 4006 1037 4070 (cdpr
1046 4006 1099 4069 om)
1113 4012 1138 4057 et
1148 4008 1284 4071 manifesta
1295 4006 1367 4056 nobie
1378 4008 1463 4056 omnia

266 4097 298 4145 aa
310 4093 398 4158 quaem
410 4080 456 4153 (ab
469 4090 544 4155 qaae)
556 4088 821 4153 smmoyaraesuna
835 4088 840 4155 Ι
855 4090 894 4139 ar
905 4091 959 4140 ate.
973 4093 1008 4140 aa
1019 4106 1073 4139 eun
1086 4091 1114 4153 (a
1126 4092 1165 4140 ar
1176 4090 1259 4154 arms)
1273 4091 1351 4141 mser.
1366 4090 1395 4151 (a
1407 4094 1462 4160 om)

264 4183 347 4228 contr.
361 4191 443 4225 umus
454 4175 489 4237 (c,
507 4177 612 4225 omissis
631 4176 772 4238 prioribus,
791 4175 863 4224 Satis
880 4177 945 4224 enim
963 4177 1123 4225 conturbasti
1139 4175 1195 4237 nos)
1215 4191 1256 4240 qu.
1268 4179 1321 4240 pet.
1334 4176 1362 4238 (c
1375 4178 1428 4228 sdd
1445 4196 1463 4229 a

263 4263 363 4325 Pilato)
389 4280 425 4312 co.
444 4265 482 4311 Ie.
501 4267 526 4310 et
550 4262 643 4310 involo.
670 4261 697 4323 (Β
721 4261 775 4311 edd
798 4262 877 4318 illud,
902 4275 917 4312 c
939 4261 1003 4325 saun)
1023 4292 1032 4301 -
1053 4277 1106 4310 eum
1130 4262 1159 4323 (n
1176 4262 1214 4324 id)
1236 4263 1263 4310 in
1280 4278 1345 4311 man.
1364 4264 1392 4326 (c
1409 4265 1463 4314 add

262 4348 347 4410 noae).
372 4347 434 4395 Ideo
446 4346 536 4394 incius.
551 4346 578 4408 (c
590 4345 695 4409 reclus.)
714 4349 738 4394 ts
756 4346 783 4393 in
794 4346 866 4394 domo
885 4375 894 4384 -
907 4346 1030 4409 fenestra
1043 4345 1070 4408 (c
1087 4360 1129 4394 om
1141 4345 1168 4394 in
1180 4346 1221 4394 do.
1236 4361 1320 4410 usque
1329 4347 1463 4411 ferasin),

263 4439 288 4485 et
306 4436 373 4484 elac.
386 4435 434 4498 sip.
444 4450 503 4496 pos.
515 4434 542 4482 in
560 4437 637 4482 ianua
651 4430 709 4497 (pro
723 4434 793 4483 hisc
811 4437 836 4482 et
849 4434 979 4495 posuimus
996 4430 1115 4483 custodes
1132 4434 1259 4483 crmtodire
1275 4435 1399 4498 ianuam).
1425 4435 1464 4484 Et

262 4538 313 4570 una
325 4520 393 4571 sabb.
406 4521 549 4583 aperientes
559 4519 586 4582 (c
599 4535 646 4583 pro
660 4520 702 4569 bis
715 4520 753 4568 Et
765 4520 864 4585 mando
878 4521 1021 4583 aperuimus
1039 4519 1150 4570 aalmtm
1171 4524 1195 4569 te
1208 4519 1328 4585 perdere)
1346 4538 1397 4570 non
1412 4521 1464 4573 inc.

264 4616 295 4660 te.
331 4609 453 4659 Contrist.
472 4624 532 4671 erqo
551 4608 578 4671 (c
602 4607 672 4656 Unde
690 4606 781 4670 contr.)
800 4622 882 4656 sumus
898 4607 974 4656 cal&
994 4607 1021 4669 (c
1040 4606 1094 4670 cru)
1120 4638 1129 4647 -
1149 4623 1209 4672 pop.
1228 4608 1271 4657 dei
1289 4606 1316 4669 (B
1336 4624 1383 4672 pro
1402 4609 1464 4658 Ideo

263 4697 451 4760 inclinansque
469 4696 513 4744 dei
530 4696 649 4745 breviter
661 4697 713 4745 sic:
732 4696 795 4746 Idea
814 4698 839 4745 te
857 4696 883 4743 in
901 4711 1029 4745 carcerem
1047 4695 1165 4754 misimus,
1183 4699 1209 4744 et
1220 4697 1311 4759 aperto
1323 4711 1428 4745 carcere
1440 4698 1465 4743 te
