3458 5640
269 609 330 672 138
588 610 753 662 HISTORIA
773 611 925 663 Ioserffl.
952 611 1029 669 CAP.
1047 615 1141 667 xxx1.

267 765 366 825 vator
380 767 514 845 noster,
535 760 609 827 fata
623 760 787 828 Henochi
804 763 972 847 stillico,
995 786 1055 831 eos
1072 767 1233 833 nimirum
1251 768 1338 833 nulli
1357 769 1465 837 obno-

266 864 343 929 xios
360 863 470 930 fuisse
486 865 598 931 morti.
622 863 808 932 Enimvero
822 866 940 933 sedem
957 868 1116 936 incolunt
1131 871 1301 936 iustorum
1317 873 1354 937 in
1364 895 1465 957 prae-

269 972 402 1035 sentem
419 990 530 1054 usque
548 970 649 1053 diem,
667 991 780 1055 neque
796 971 960 1039 viderunt
976 994 1122 1059 corpora
1137 995 1256 1041 eorum
1270 977 1465 1062 corruptio-

268 1092 357 1138 nem.
381 1070 432 1139 At
447 1093 553 1139 senex
568 1072 629 1140 ille
645 1073 818 1160 Iosephus
835 1076 936 1143 faber
951 1078 1122 1163 lignarius
1139 1085 1215 1145 erat
1229 1085 1345 1146 tomen
1361 1086 1465 1166 pater

268 1184 348 1244 tuus
371 1179 561 1246 seeundum
584 1200 732 1247 carnem.
767 1180 908 1248 Iussisti
930 1187 1046 1250 autem
1068 1190 1107 1250 ut
1129 1190 1251 1251 euntes
1271 1205 1334 1269 per
1349 1189 1462 1252 totum

267 1281 433 1348 mundum
443 1283 684 1365 praedicemus
695 1291 853 1351 sanctum
864 1289 1089 1370 evangelium,
1101 1288 1276 1354 etdixisti:
1290 1287 1462 1355 Nuntiate

267 1384 338 1451 illis
362 1386 490 1469 (etiam)
512 1391 657 1452 mortem
679 1388 788 1470 patris
809 1388 877 1453 mei
899 1387 1059 1471 Iosopbi,
1081 1396 1116 1454 ot
1136 1389 1263 1455 festum
1284 1391 1463 1474 ipsidiam

266 1490 330 1572 (aa)
352 1507 488 1552 sacrum
512 1488 749 1553 anniversaria
774 1489 994 1555 solemnitate
1018 1491 1203 1558 celebrate.
1242 1491 1462 1578 Quicumque

266 1611 345 1656 vero
357 1589 562 1656 diminuerit
575 1591 761 1676 quicquam
779 1592 820 1657 de
837 1592 903 1658 hoc
920 1614 1078 1659 sermone
1096 1596 1166 1659 sive
1184 1596 1237 1661 illi
1253 1595 1387 1679 aliquid
1404 1597 1464 1663 ad-

266 1693 410 1777 diderit,
430 1693 491 1759 ille
515 1693 698 1779 delinquit.
744 1694 914 1761 Miramur
934 1697 1056 1781 utique
1078 1697 1290 1783 (Iosephum)
1312 1698 1394 1764 inde
1417 1698 1460 1765 ab

265 1798 327 1863 illo
339 1798 395 1864 die
407 1820 475 1883 quo
493 1798 705 1866 natusfuisti
716 1797 937 1866 Bethlehemi
953 1806 988 1866 te
999 1801 1230 1885 appellavisse
1241 1802 1350 1867 filium
1361 1825 1463 1869 suum

266 1903 457 1969 secundum
474 1923 621 1970 carnem.
647 1902 762 1990 Quare
780 1904 889 1990 igitur
904 1926 993 1990 eum,
1010 1927 1121 1991 aeque
1138 1928 1178 1973 ao
1194 1907 1247 1973 illi
1258 1906 1463 1993 (Heuoohus

267 2012 302 2074 et
320 2006 432 2093 Elias)
454 2013 550 2091 sunt,
573 2030 643 2075 non
664 2009 850 2076 reddidisti
871 2008 1125 2077 immortalem?
1156 2018 1191 2078 et
1214 2019 1252 2077 tu
1273 2011 1361 2078 dicis
1384 2034 1463 2078 oum

265 2113 395 2179 iustum
411 2111 520 2180 fuisse
537 2118 573 2178 et
588 2113 748 2180 electum.
864 2129 865 2132 ’

719 2336 840 2404 Garun
862 2335 1006 2405 XXXI.

349 2494 549 2579 Respondit
572 2497 658 2561 voro‘
675 2499 829 2560 servator
850 2499 970 2561 noster
994 2500 1030 2560 et
1054 2495 1156 2560 dixit:
1186 2495 1360 2580 Equidem
1386 2519 1464 2582 pro·

261 2599 382 2686 photia
397 2601 508 2684 patris
525 2600 593 2665 mei
610 2599 679 2665 iam
696 2604 934 2665 consummata
955 2605 1009 2666 est
1025 2621 1132 2684 super
1148 2597 1323 2666 Adamum
1346 2600 1390 2667 ob
1412 2603 1463 2668 in-

264 2703 500 2770 obedientiam
523 2704 608 2769 eius.
645 2701 694 2768 Et
715 2703 832 2768 omnia
847 2701 891 2769 ad
908 2709 1030 2768 nutum
1045 2702 1331 2788 voluntatemque
1347 2707 1460 2788 patris

263 2809 330 2872 mei
343 2807 586 2890 disponuntur.
613 2804 751 2889 Quippe
769 2809 799 2871 si
815 2804 917 2871 homo
928 2807 1072 2871 missum
1088 2806 1175 2872 facit
1190 2806 1391 2872 mandatum
1402 2806 1459 2873 dei

264 2917 300 2976 ot
321 2931 426 2994 opera
446 2914 601 2975 sectatur
617 2908 749 2975 diaboli
766 2908 1014 2974 committendo
1036 2915 1233 2992 peecatum,
1255 2908 1462 2993 producitur

264 3020 360 3080 aetas
384 3014 474 3079 eius:
498 3014 535 3079 iu
556 3013 623 3079 hoc
639 3013 776 3078 seilicet
791 3014 909 3099 (vivus)
929 3019 1086 3079 servatur
1107 3020 1147 3078 ut
1166 3014 1256 3079 forte
1279 3015 1462 3097 poeniten-

264 3118 348 3183 tiam
371 3124 466 3202 agat,
489 3116 734 3201 etperpendat
754 3139 790 3182 se
807 3116 1015 3182 tradendum
1037 3139 1113 3182 esse
1137 3117 1172 3181 iu
1188 3138 1310 3182 manus
1327 3120 1459 3183 mortis.

266 3220 400 3306 Quodsi
417 3221 524 3286 luerit
541 3220 669 3305 aliquis
685 3220 854 3287 bonorum
872 3243 1017 3304 operum
1033 3220 1222 3303 studiosus,
1241 3227 1276 3285 et
1290 3220 1460 3303 ipsivituo

264 3330 472 3409 prorogatur
481 3325 642 3407 spatium,
653 3329 693 3389 ut
702 3325 1183 3390 increbrescentesenectutis
1193 3325 1267 3389 eius
1280 3325 1460 3390 famosum

263 3429 420 3494 homiues
437 3427 537 3511 probi
553 3428 743 3492 imitentur.
768 3426 838 3493 Ubi
849 3449 928 3493 vero
945 3428 1121 3492 homiuem
1138 3429 1343 3509 conspicitis
1361 3429 1460 3493 ouius

264 3532 399 3596 animus
419 3533 454 3594 in
476 3531 562 3595 iram
582 3549 749 3613 praeceps
771 3536 838 3611 cst,
861 3530 983 3612 utique
1006 3530 1081 3593 dies
1104 3531 1179 3593 eius
1199 3530 1459 3594 abbreviantur:

263 3633 299 3699 hi
317 3634 408 3699 enim
425 3639 507 3698 suut
523 3633 583 3717 qui
605 3632 640 3696 in
657 3632 784 3697 aetatis
802 3654 883 3698 suae
901 3632 984 3698 flore
1002 3632 1219 3698 auferuntur.
1251 3631 1374 3697 Omnis
1397 3633 1460 3698 ita·

265 3759 332 3822 que
354 3738 538 3824 prophetia
559 3758 660 3823 quam
684 3738 925 3822 pronuntiavit
943 3743 1044 3821 pater
1063 3758 1159 3803 mous
1183 3735 1225 3802 de
1247 3735 1328 3802 filiis
1351 3735 1459 3803 homi-

265 3867 360 3925 uum,
392 3845 427 3909 iu
453 3842 611 3929 qualibet
634 3864 671 3909 re
696 3843 833 3928 impleri
858 3843 972 3909 debet.
1020 3839 1122 3929 Quod
1146 3863 1225 3907 vero
1257 3843 1384 3909 attinet
1414 3843 1458 3910 ud

264 3948 471 4016 Henochuru
494 3948 672 4032 etElianr,
694 3947 865 4034 quomodo
887 3949 923 4014 in
946 3947 1039 4014 hunc
1055 3946 1146 4014 diem
1162 3947 1228 4012 vivi
1253 3947 1457 4032 subsistant,

265 4055 385 4120 eadem
411 4060 587 4120 servantes
613 4075 760 4138 corpora
780 4076 857 4119 eum
880 4054 1006 4138 quibus
1033 4053 1105 4119 uati
1127 4052 1280 4135 fueraut,
1307 4058 1342 4118 et
1364 4054 1456 4136 quod

264 4166 398 4241 patrem
414 4179 527 4223 meum
543 4157 731 4241 Iosephum
749 4159 929 4222 concernit
945 4158 999 4221 cui
1017 4177 1086 4221 non
1104 4176 1213 4238 aeque
1234 4176 1273 4219 ac
1290 4155 1361 4220 illis
1379 4176 1458 4221 cou-

264 4263 344 4344 tigit
359 4263 394 4325 iu
413 4281 556 4343 corpore
574 4281 636 4326 sue
653 4262 864 4343 permansio:
885 4259 1047 4344 equidem
1064 4258 1200 4323 etiamsi
1215 4259 1340 4322 vixerit
1354 4257 1456 4324 homo

264 4364 390 4427 multas
406 4384 576 4427 annorum
591 4361 763 4447 myriadas
783 4363 820 4427 in
836 4361 979 4443 munde,
1002 4383 1077 4426 cum
1094 4366 1203 4426 morte
1220 4366 1336 4424 tamen
1352 4361 1456 4424 vitam

264 4465 452 4547 aliquando
476 4472 686 4531 commutare
708 4466 854 4550 cogitur.
890 4465 938 4528 Et
957 4464 1035 4530 dico
1054 4464 1166 4546 vobis,
1188 4485 1207 4529 o
1230 4464 1355 4528 fratres
1376 4463 1456 4541 mei,

264 4568 358 4652 quod
373 4574 534 4652 oporteat
546 4568 627 4635 illes
643 4571 737 4653 ipsos
754 4567 973 4652 (Henochum
989 4567 1159 4650 etEliam)
1175 4566 1238 4631 sub
1255 4565 1357 4631 finem
1373 4570 1457 4630 tem·

263 4692 384 4755 porum
402 4672 515 4738 redire
532 4674 568 4738 in
584 4673 750 4739 mundum
767 4678 802 4739 et
810 4669 1045 4756 vitadefungi,
1062 4673 1097 4736 in
1115 4672 1170 4736 die
1188 4670 1350 4735 nimirum
1367 4688 1456 4734 oom-

262 4777 426 4850 motiouis
442 4777 587 4849 terroris
607 4777 788 4866 angustiae
810 4779 846 4842 et
866 4773 1074 4844 afflictionis.
1108 4773 1197 4841 Nam
1212 4770 1455 4838 Antichristus
