3458 5640
462 662 795 713 esnone-maurum
813 661 1052 713 avuncunlum.
1080 659 1153 710 CAP.
1172 657 1265 708 xxxi.
1392 655 1458 720 ’101

265 813 311 879 sit
325 812 440 895 Thau,
465 818 501 878 et
521 834 584 897 ego
607 812 720 878 dicam
740 811 806 877 tibi
829 810 912 895 quid
936 811 982 877 sit
996 808 1124 906 Aleplr.
1158 807 1207 874 ut
1227 810 1352 874 iterum
1373 806 1462 873 dixit
1479 837 1489 868 s

264 917 307 983 ad
329 938 388 983 eos
404 917 521 983 lesus:
554 915 623 1000 Qui
648 939 717 982 non
738 922 868 983 norunt
883 913 1015 1000 Aleph,
1035 913 1133 982 Thau
1152 914 1325 999 quomodo
1343 912 1459 979 dicere

263 1028 424 1108 possunt,
446 1018 672 1105 hypocritae?
706 1019 826 1086 Dicite
840 1018 931 1103 ¹quid
954 1019 1000 1084 sit
1019 1019 1168 1103 primum
1184 1016 1317 1101 Aleph,
1339 1023 1374 1082 et
1396 1038 1459 1100 ego

263 1132 346 1191 tunc
361 1125 459 1189 vobis
477 1123 615 1189 credam
632 1144 709 1188 curn
726 1123 885 1187 dixeritis
901 1122 1005 1187 Beth.
1030 1121 1078 1185 Et
1093 1121 1210 1205 coepit
1225 1121 1326 1188 Iesus
1344 1123 1461 1205 singu-

262 1228 371 1292 larum
389 1227 585 1291 litterarum
602 1226 743 1289 uomina
758 1226 987 1307 interrogare,
1004 1223 1149 1288 etdixit:
1172 1223 1280 1288 Dicat
1295 1223 1462 1306 magister

263 1331 361 1414 legis,
384 1331 497 1413 prima
512 1328 631 1392 littera
647 1326 730 1410 quid
749 1328 804 1405 sit,
825 1326 879 1389 vel
896 1346 1003 1408 qnare
1021 1326 1214 1409 triangulos
1231 1325 1360 1390 habeat
1375 1325 1460 1389 mul·

263 1438 327 1514 tos,
345 1432 519 1517 gradatos,
542 1433 742 1515 subacutos,
759 1432 941 1513 mediatos,
960 1431 1141 1513 obductos
1164 1431 1364 1515 productos,
1388 1453 1461 1497 ere·

264 1541 348 1617 etos,
366 1541 504 1620 stratos,
522 1537 757 1602 curvistratos.
796 1534 882 1601 Cum
899 1540 1015 1600 autem
1033 1535 1118 1599 Levi
1135 1534 1199 1600 hoc
1216 1535 1384 1616 audisset,
1402 1534 1460 1600 ob-

263 1640 483 1726 stupefactus
500 1645 554 1706 est
570 1639 612 1706 ad
629 1646 761 1706 tantam
774 1639 1042 1723 dispositionem
1060 1638 1235 1705 nominum
1253 1638 1459 1704 litterarum.

264 1744 391 1811 3’.[ἰιῐιο
417 1745 533 1829 eoepit
558 1746 694 1810 cunctis
719 1743 945 1810 audientibus
968 1744 1117 1810 clamare
1144 1748 1179 1810 et
1201 1743 1331 1810 dicere:
1366 1743 1460 1810 Num

264 1849 370 1916 debet
384 1845 452 1916 iste'
469 1870 574 1934 super
589 1855 683 1915 terra
697 1844 833 1915 vivere?
857 1847 931 1913 Imo
949 1847 985 1912 in
1004 1868 1128 1932 magna
1144 1868 1245 1913 cruce
1264 1847 1389 1932 dignus
1408 1854 1462 1914 est

265 1953 427 2039 appendi.
457 1952 548 2019 Nam
568 1958 685 2037 potest
706 1953 821 2036 ignem
839 1952 1043 2035 extinguere
1067 1957 1103 2016 ct
1124 1951 1194 2016 alia
1210 1950 1376 2017 deludere
1394 1958 1462 2018 tor·

264 2063 390 2123 menta.
413 2056 489 2141 Ego
506 2062 590 2140 puto
608 2056 700 2139 quod
720 2055 777 2120 liic
793 2061 874 2119 ante
892 2055 1129 2120 cataclismum
1147 2052 1263 2135 fuerit
1282 2060 1361 2120 aute
1373 2053 1461 2119 dilu-

263 2161 354 2225 vium
371 2165 483 2225 uatus.
515 2159 602 2243 Quis
620 2159 710 2224 enim
726 2164 847 2223 venter
863 2158 961 2223 illum
978 2154 1152 2240 portavit?
1168 2148 1231 2222 aut
1245 2179 1334 2242 quae
1351 2163 1462 2223 mater

265 2265 387 2349 genuit
405 2260 528 2328 illum?
549 2267 610 2328 aut
626 2283 714 2347 quae
735 2261 844 2327 ubera
864 2261 963 2327 illum
980 2259 1219 2327 lactaverunt?
1248 2260 1362 2347 Fugio
1380 2268 1460 2327 ante

267 2389 358 2449 eum;
381 2390 450 2434 non
472 2367 563 2433 enim
584 2366 682 2432 valeo
706 2367 879 2433 sustinere
896 2365 1039 2432 verbum
1061 2386 1101 2430 ex
1122 2386 1180 2431 ore
1203 2365 1295 2448 eius,
1319 2364 1380 2431 sed
1403 2386 1462 2431 eor

266 2491 378 2536 meum
399 2471 570 2554 stupescit
590 2470 676 2537 talia
696 2470 802 2536 verba
821 2468 953 2535 audire.
997 2467 1144 2534 Nullum
1169 2468 1261 2534 enim
1283 2468 1460 2535 hominum

264 2581 348 2660 puto
374 2575 449 2640 eius
473 2574 641 2658 consequi
663 2572 818 2656 verbum,
841 2572 909 2638 nisi
933 2572 1040 2637 luerit
1062 2571 1147 2637 deus
1171 2591 1247 2636 cum
1271 2593 1322 2638 eo.
1354 2571 1461 2638 Nunc

265 2700 327 2763 ego
349 2680 424 2762 ipse
448 2677 570 2743 infelix
592 2677 722 2743 tradidi
745 2698 798 2742 me
821 2675 903 2740 huic
924 2676 958 2740 in
982 2674 1145 2740 derisum.
1182 2672 1269 2741 Cum
1293 2676 1384 2741 enim
1404 2697 1458 2741 me

263 2787 420 2865 putarem
431 2781 559 2847 habere
572 2781 792 2865 discipulum,
810 2779 925 2844 inveni
936 2778 1140 2862 magistrum
1151 2799 1274 2860 meum,
1292 2779 1473 2862 ignorans
1515 2812 1518 2818 ⁴

263 3029 330 3078 dixit
339 3029 425 3078 lesnes
447 3026 497 3089 Qui
509 3027 590 3091 alpha
602 3044 650 3078 non
659 3031 760 3085 norunt,
774 3028 894 3092 quomodo
904 3032 949 3077 toa
959 3025 1054 3087 (codex
1065 3025 1121 3087 con)
1131 3026 1339 3088 discerepossnnt
1351 3051 1361 3063 ·
1373 3026 1461 3076 Dicite

263 3115 323 3164 miei
330 3116 440 3178 primum
453 3115 513 3179 quid
525 3116 559 3164 sit
571 3113 659 3179 alpia,
671 3119 696 3163 et
708 3118 767 3163 lune
779 3115 881 3163 credone
893 3139 901 3150 ·
915 3114 989 3162 delto
1001 3139 1010 3150 ·
1023 3113 1183 3176 interrepere
1195 3113 1296 3162 dicens:
1313 3114 1365 3162 Die
1376 3114 1436 3163 midi
1448 3139 1457 3151 ·

261 3201 347 3263 prima
359 3199 448 3249 littera
461 3216 539 3264 qnare
550 3200 625 3248 habet
636 3201 731 3264 trionp.
744 3200 844 3258 inultos,
853 3204 1006 3264 praeerolos
1018 3199 1083 3260 (sic,
1102 3198 1210 3249 Thiloni
1223 3199 1364 3249 videbatur
1374 3201 1458 3264 piace·

265 3288 345 3346 relos)
359 3286 490 3336 subuectos
502 3286 624 3334 mediatos
632 3286 771 3350 productos
783 3287 881 3336 eidnec.
894 3290 970 3334 ereel.
983 3290 1058 3334 strat.
1073 3286 1241 3336 enroislrolos
1252 3286 1315 3347 (hoc
1329 3302 1361 3335 ex
1373 3286 1459 3335 ducti·

265 3371 313 3420 bne
326 3371 459 3434 corruptis
471 3371 556 3419 multo
568 3370 668 3418 rectius
681 3369 798 3419 efficitur
808 3385 885 3433 qiram
897 3369 967 3432 qnod
978 3369 1056 3418 Thilo
1070 3370 1147 3419 dedit
1158 3368 1315 3435 corp'rnelos)
1328 3371 1368 3419 nel
1380 3374 1459 3420 creeri-

266 3455 330 3510 dsos
343 3481 352 3492 ·
364 3457 522 3520 stupefactas
533 3459 571 3503 esd
582 3456 617 3503 od
629 3459 693 3504 tant·
706 3456 800 3518 ‹lispoa
814 3455 960 3503 litterarum
971 3455 1165 3503 noninimicrmn.

331 3544 354 3589 3.
374 3541 440 3589 Num
455 3540 527 3589 debet
543 3541 590 3588 isle
607 3556 683 3604 sepner
699 3545 772 3589 terro
788 3540 870 3588 aiom
889 3543 946 3588 etc:
969 3540 1004 3587 ci.
1022 3554 1111 3587 rursus
1131 3552 1148 3585 u
1166 3540 1199 3588 ed
1219 3540 1301 3598 XXX,
1320 3543 1344 3589 4.
1363 3539 1368 3607 Ι
1387 3559 1418 3590 ee
1434 3559 1460 3591 se

263 3626 331 3688 ipso:
344 3626 427 3674 codex
439 3641 470 3673 se
482 3641 508 3673 se
521 3626 600 3689 ipsias

329 3723 348 3758 n
361 3710 400 3759 sic
413 3710 515 3775 pergit:
531 3711 602 3772 Cepit
614 3726 673 3775 erpo
686 3711 782 3759 manetis
793 3710 852 3759 anai.
866 3733 875 3745 ·
889 3710 936 3758 iste
944 3725 1012 3773 puer
1025 3709 1106 3759 oioere
1118 3726 1194 3774 super
1206 3715 1301 3759 terram
1315 3736 1323 3747 ·
1336 3716 1461 3762 tormenta

260 3795 387 3845 deludere.
412 3796 470 3859 Epo
477 3800 542 3858 prelo
555 3797 615 3859 quia
627 3800 686 3844 arete
699 3800 748 3844 cal.
762 3795 935 3859 ncirmsneril.
964 3794 1028 3856 Quis
1041 3820 1050 3831 ·
1064 3795 1136 3843 illum
1145 3797 1278 3859 penerooit
1291 3822 1299 3833 ·
1312 3813 1366 3846 eam
1378 3798 1458 3846 lecto·

262 3882 366 3931 verenti
390 3881 496 3945 Fupicm
508 3885 590 3930 nalem
604 3880 676 3929 illum
688 3906 696 3916 ·
710 3881 754 3928 sed
765 3885 790 3929 et
803 3896 847 3929 cor
866 3905 874 3915 ·
889 3879 995 3928 Nullum
1009 3881 1085 3929 eliam
1097 3881 1217 3929 hominem
1234 3907 1242 3918 ·
1260 3898 1333 3945 posse
1345 3886 1461 3950 consequi

261 3991 271 4003 ·
284 3968 344 4016 deus
356 3968 382 4016 in
393 3983 421 4017 eo
435 3993 443 4003 ·
458 3967 517 4015 Cum
524 3972 643 4029 putorem
657 3983 693 4015 nee
704 3967 795 4015 habere
807 3967 870 4014 disc.
885 3967 1006 4030 iprnorcns
1018 3982 1072 4013 enm
1084 3983 1161 4015 means
1174 3968 1258 4016 inueni
1269 3985 1334 4032 enap.
1348 3995 1356 4005 ·
1369 3970 1401 4019 de
1412 3972 1458 4020 lece

261 4056 343 4101 anem
354 4053 443 4100 munic.
455 4053 515 4116 sup.
530 4053 589 4114 qnia
603 4051 675 4100 illone
688 4052 817 4099 inienuiere
829 4038 972 4100 non'ooleo.
998 4051 1037 4098 Ab
1056 4052 1102 4117 ins.
1116 4054 1180 4099 enim
1193 4078 1201 4088 ·
1216 4054 1385 4118 esequestnem.
1411 4054 1458 4105 lle-

262 4138 335 4200 liqns
348 4137 426 4186 huius
440 4137 538 4198 cepitis
551 4137 658 4186 desunt.

329 4220 450 4270 Historia
462 4221 490 4269 in
503 4220 595 4270 codiee
608 4234 625 4269 u
639 4220 665 4270 h.
679 4223 697 4269 l.
710 4223 800 4286 positu
813 4223 845 4272 ub
859 4229 974 4287 utroque
987 4220 1080 4271 codice
1091 4221 1169 4271 uelde
1183 4221 1281 4281 diflert,
1295 4225 1360 4274 licet
1373 4225 1460 4276 simile

261 4310 444 4372 ergumentnm
463 4306 570 4356 habeat.
595 4306 639 4356 lto
658 4307 728 4357 enim
747 4307 785 4357 ibi
804 4309 933 4374 scriptum
954 4310 1009 4358 est:
1035 4307 1122 4371 Ipilnr
1134 4311 1194 4370 post
1206 4324 1304 4373 paucos
1321 4311 1375 4359 dies
1392 4312 1460 4361 venit

262 4392 329 4443 clius
339 4393 441 4452 doceor,
458 4395 553 4443 amiens
565 4393 670 4456 Ioseph,
682 4390 738 4459 [et]
750 4394 817 4443 aaa
829 4396 864 4444 ad
876 4411 945 4444 enm.-
969 4394 1057 4444 Amice
1069 4392 1216 4453 karimime,
1227 4393 1315 4460 fllium
1328 4400 1396 4444 inum
1407 4402 1458 4447 sta·

263 4485 322 4529 lero
337 4485 486 4530 crescentem
504 4481 570 4530 inter
585 4482 695 4531 tornines
708 4496 757 4545 per
768 4483 810 4531 dei
819 4483 933 4546 qratiam
946 4479 981 4546 [si
995 4478 1050 4545 vis]
1058 4481 1197 4547 proficere,
1217 4481 1309 4532 tradas
1325 4499 1379 4533 eam
1390 4485 1460 4543 midi,

263 4569 377 4633 pisoniano
397 4584 442 4634 epo
463 4584 517 4618 cnm
537 4568 618 4618 malta
639 4570 764 4619 suauitate
780 4570 872 4619 docebo
889 4586 942 4619 eum
958 4568 1115 4634 pentililatis
1133 4568 1236 4618 litteras
1255 4566 1310 4636 [et]
1328 4571 1458 4632 hebraeas,

259 4659 349 4719 postea
357 4656 563 4720 prammotieam,
581 4661 605 4705 el
618 4654 837 4721 oiicssocnltctes
849 4657 937 4721 putidas
946 4657 1043 4719 polerit
1055 4673 1072 4704 α
1085 4655 1220 4705 ιηαὶονίὂιω
1232 4656 1317 4706 Israel
1328 4659 1458 4708 honorari.

263 4740 339 4791 Dixit
350 4742 384 4790 ad
395 4758 449 4791 enm
459 4742 566 4805 Ioseph:
586 4742 616 4792 Si
623 4742 761 4804 praevoles
772 4759 835 4801 eum,
847 4743 882 4792 cui
891 4742 1106 4804 disciplinandum
1118 4741 1217 4805 cecipes
1223 4741 1278 4807 flat
1290 4759 1344 4792 cnm
1352 4745 1458 4808 pandis.

262 4826 302 4874 Ee
322 4843 375 4874 wne
395 4827 533 4890 accepisset
553 4844 606 4876 enm
627 4828 716 4877 doctor
736 4833 761 4877 et
781 4829 815 4877 od
833 4829 931 4877 domam
947 4830 1060 4878 doctoris
1078 4845 1132 4876 enm
1152 4825 1308 4878 exaltatione
1325 4828 1460 4889 venissem,
