3458 5640
298 586 359 649 172
565 587 797 640 rvruoruruu
815 589 963 640 risonis
981 589 1150 641 urrisun.
1177 588 1225 640 vr.

296 737 422 820 nando,
446 737 689 821 dispergendo,
710 737 886 820 variando,
910 737 1162 806 comminando:
1183 738 1312 822 triplex
1331 738 1496 824 diployde

298 840 567 908 commiscendo:
602 839 705 906 simul
735 841 877 927 ingenio
905 842 1038 927 pariter
1069 841 1184 908 omnio
1213 843 1408 909 eommunia
1437 842 1497 910 ho·

296 944 427 1012 beutie.

383 1050 394 1084 ¹
412 1046 499 1116 Cum
514 1047 661 1115 vidisset
675 1047 836 1115 Zooheus
854 1050 937 1134 quie
955 1049 1076 1116 taliter
1091 1049 1263 1117 divideret
1276 1049 1424 1135 primvm
1439 1051 1497 1117 lit·

298 1146 423 1237 terum,
446 1152 665 1239 stupefactus
687 1159 741 1221 est
763 1151 805 1220 de
826 1155 939 1238 primu
959 1154 1079 1221 littero
1099 1153 1193 1222 etde
1215 1155 1278 1221 tuli
1298 1154 1437 1222 homine
1460 1163 1496 1223 et

297 1258 465 1341 doctrina,
489 1265 524 1324 et
541 1258 745 1326 exclamarit
762 1266 797 1324 et
813 1258 915 1324 dixit:
947 1258 1028 1325 Heu
1046 1259 1141 1343 mihi,
1164 1259 1255 1344 quod
1272 1259 1493 1344 stupefactus

297 1383 372 1426 sum
403 1382 481 1444 ogo:
513 1360 663 1425 conduxi
693 1360 779 1426 mihi
805 1361 1059 1443 turpitudinem
1083 1382 1146 1444 per
1176 1362 1281 1426 istum
1310 1363 1494 1428 insontem.

296 1463 308 1496 ⁹
323 1461 372 1526 Et
388 1462 477 1526 dixit
492 1460 536 1526 ud
552 1460 694 1544 Ioseph:
726 1460 858 1526 Precor
872 1467 906 1526 te
923 1461 1034 1542 vuldo,
1051 1463 1169 1543 frater,
1191 1462 1275 1526 tolle
1293 1483 1370 1527 eum
1386 1483 1407 1528 a
1422 1484 1493 1528 me:

295 1564 379 1647 quie
400 1584 469 1628 non
486 1583 628 1646 possum
648 1563 779 1627 intueri
801 1561 980 1628 infaciem
1002 1563 1078 1628 eius
1095 1583 1209 1646 neque
1231 1562 1353 1628 audire
1370 1584 1491 1647 graves

298 1685 474 1731 sermones
496 1665 583 1730 eius.
617 1662 709 1747 Quia
730 1664 796 1729 iste
819 1664 936 1730 infans
957 1665 1074 1749 ignem
1091 1665 1259 1731 domitare
1283 1672 1319 1731 et
1333 1687 1426 1732 mere
1443 1687 1495 1732 re·

295 1767 434 1834 frenare
457 1767 777 1852 potest3nu1niste
800 1774 881 1833 unte
905 1766 1025 1833 seculo
1046 1774 1149 1835 notus
1172 1774 1235 1835 est.
1277 1765 1374 1854 Quae
1394 1769 1495 1835 vulva

297 1891 376 1938 eum
391 1872 530 1956 peperit
545 1869 731 1955 autquolis
749 1877 860 1936 mater
876 1889 953 1936 eum
970 1872 1126 1955 nutrivit,
1143 1872 1276 1958 ignoro.
1308 1869 1374 1940 ¹⁰0
1392 1874 1495 1939 amici

195 1959 198 1966 ¹
296 1976 378 2058 mei,
403 1975 567 2041 dimissus
584 1995 659 2041 sum
680 1973 716 2039 in
733 1979 884 2040 mentem
899 1994 1025 2057 meam,
1048 1974 1175 2042 illusus
1198 1997 1273 2042 sum
1294 1997 1357 2062 ego
1378 1977 1494 2044 miser.

295 2078 371 2165 Ego
388 2085 504 2145 nutem
521 2077 679 2144 dicebam
695 2098 748 2144 me
764 2076 893 2144 hebere
910 2078 1136 2164 discipulum,
1153 2081 1228 2165 ipse
1246 2085 1363 2146 eutem
1378 2080 1497 2147 iuren-

295 2188 353 2250 tus
375 2189 429 2249 est
449 2183 625 2266 magister.
663 2181 711 2247 Et
732 2181 987 2266 turpitudinem
1011 2202 1122 2248 meam
1145 2204 1214 2249 non
1233 2205 1376 2267 possum
1398 2204 1497 2267 prae·

295 2285 421 2367 valere,
438 2286 521 2368 quie
535 2305 742 2366 reuersum,
759 2291 794 2350 et
805 2285 889 2369 quid
906 2286 939 2352 ei
955 2285 1158 2369 loquornon
1168 2306 1310 2370 possum
1325 2286 1496 2352 invenire.

294 2386 398 2455 Unde
415 2387 526 2453 habeo
543 2388 677 2453 irruere
697 2387 899 2454 invalidam
921 2387 1157 2455 infirmitatem
1180 2395 1216 2455 et
1231 2389 1274 2455 de
1291 2391 1359 2455 isto
1375 2389 1495 2457 seculo

295 2493 560 2576 transmigrare,
582 2497 643 2557 aut
659 2491 700 2556 de
718 2492 787 2558 istu
802 2493 941 2558 civitate
959 2490 1141 2577 egredere,
1165 2492 1248 2578 quio
1268 2514 1386 2560 omnes
1402 2494 1496 2560 ride·

295 2601 378 2661 runt
393 2594 648 2679 turpitudinem
664 2615 790 2661 meum:
811 2595 928 2662 insons
946 2595 1085 2681 decepit
1099 2616 1164 2663 me.
1202 2595 1295 2680 Quid
1315 2596 1427 2664 habeo
1449 2597 1495 2664 ad

293 2699 381 2765 ulios
404 2697 615 2782 respondere
638 2703 700 2762 out
716 2697 838 2781 quoles
861 2718 1036 2764 sermones
1053 2700 1218 2782 recitare,
1242 2719 1282 2765 eo
1299 2700 1391 2784 quod
1407 2699 1493 2766 vicit

294 2822 348 2867 me
370 2803 406 2865 in
422 2802 534 2885 prima
549 2798 690 2866 littera?
721 2797 892 2884 Stupesco
915 2821 994 2885 ego,
1016 2810 1034 2867 'o
1057 2801 1159 2865 nmioi
1175 2803 1243 2866 mei
1265 2807 1300 2868 et
1320 2803 1393 2868 noti
1409 2804 1492 2867 mei:

295 2924 409 2986 neque
429 2902 656 2987 primordium
678 2922 792 2986 neque
816 2901 918 2967 finem
937 2923 1078 2987 possum
1103 2903 1259 2969 invenire
1283 2903 1367 2987 quid
1389 2905 1421 2971 ei
1442 2925 1495 2969 re·

295 3117 354 3167 inde
366 3114 404 3179 (i)
413 3117 517 3181 puriter
528 3115 612 3165 omnio
624 3114 762 3164 eommunia
774 3113 849 3163 tutet
860 3129 885 3162 a.
915 3111 959 3163 Sic
973 3113 1079 3180 singulo
1093 3112 1220 3163 videntur
1232 3114 1334 3179 scripte
1346 3128 1418 3172 esee,
1438 3129 1495 3164 cor·

294 3203 430 3268 ruptionis
442 3203 531 3266 plene.
556 3199 596 3250 Cf.
609 3202 683 3251 iocos
696 3201 817 3266 geminos
831 3200 859 3249 iu
873 3198 982 3249 Greecie
995 3206 1024 3248 et
1036 3199 1151 3250 Latinis.

364 3288 388 3336 8.
407 3274 451 3336 »ι’
462 3287 567 3351 Cumque
585 3288 698 3337 audieret
711 3286 825 3336 Zooieue
843 3287 903 3351 quio
920 3285 1010 3335 taliter
1028 3287 1116 3335 ‹lioieit
1135 3286 1238 3335 litterae
1248 3287 1375 3351 secturae
1388 3281 1451 3347 (eie)
1464 3287 1497 3336 de

292 3375 379 3439 primu
391 3372 481 3423 littero
493 3373 599 3422 diceudo
611 3372 693 3431 Iesus,
711 3373 855 3422 admiratur
867 3376 905 3420 eet
916 3371 947 3420 ite
960 3370 1055 3421 tolidem
1067 3372 1205 3421 omninibus
1217 3376 1241 3421 et
1253 3373 1373 3421 doctriua
1385 3368 1441 3436 [et]
1454 3389 1495 3421 er·

295 3458 416 3508 claruerit
427 3458 528 3508 diceus:
550 3458 610 3507 Heu
621 3474 671 3515 me,
689 3459 750 3520 quia
762 3457 921 3521 stupefactus
931 3472 998 3514 artu,
1015 3458 1091 3505 miser
1105 3472 1159 3518 epo.
1186 3456 1300 3505 Conduxi
1312 3458 1372 3505 uuiti
1384 3459 1495 3521 turpitu-

294 3544 377 3592 dinem
384 3558 435 3606 per
447 3544 522 3593 istum
532 3543 664 3607 infantem.
689 3540 729 3590 Cf.
744 3557 838 3605 euuug.
852 3541 945 3590 Tuom.
959 3539 1058 3590 Graece
1071 3542 1092 3588 Α
1106 3540 1166 3599 Vll,
1181 3544 1204 3590 1.

363 3630 388 3680 9.
407 3642 440 3679 n:
460 3629 499 3679 Ee
510 3629 577 3678 dixit
589 3654 599 3665 ·
612 3629 672 3694 quia
689 3644 733 3692 epo
749 3643 799 3677 eon
814 3641 917 3689 porrum
929 3650 938 3663 ·
951 3642 997 3676 uee
1008 3627 1099 3675 audire
1108 3627 1263 3690 pravitatem
1275 3642 1414 3676 samonem
1432 3628 1494 3678 eius.

299 3714 366 3778 Quia
384 3715 431 3765 ieie
446 3715 534 3781 insane
550 3715 630 3778 ipuem
645 3715 749 3764 domare
765 3717 790 3763 et
804 3729 874 3763 ruore
887 3716 973 3775 potest
989 3716 1131 3778 refrenare.
1156 3712 1213 3763 Noe
1230 3714 1294 3762 euim
1312 3717 1350 3763 ert
1365 3713 1391 3762 iu
1408 3714 1494 3764 secuto

294 3806 381 3852 uenter
393 3802 436 3867 qui
448 3817 501 3851 eum
511 3801 600 3865 petiuit
605 3836 613 3860 ,
630 3805 676 3850 aut
687 3800 773 3866 quotie
785 3798 927 3864 (seriptum
940 3802 983 3850 eet
995 3798 1105 3864 qualem)
1118 3815 1172 3849 eum
1182 3804 1265 3849 mater
1276 3800 1385 3850 nutriuit
1402 3801 1494 3865 ipeow

295 3887 436 3952 (seriptum
450 3894 492 3938 eet
505 3889 601 3937 nutrivi
612 3886 759 3951 ipuoraeit).

292 4023 298 4041 ,
364 3977 405 4024 10.
424 3988 458 4024 u:
474 3976 496 4024 O
507 3975 583 4023 amici
594 3976 650 4033 mei,
662 3975 780 4024 dimissus
791 3989 844 4023 eum
856 3974 883 4022 iu
895 3977 998 4022 mentem
1009 3988 1088 4022 meum
1100 3972 1152 4036 (sio
1164 3971 1223 4022 Per.
1237 3989 1296 4022 oum
1307 3971 1389 4035 Vnt),
1401 3973 1495 4024 illusus

294 4076 346 4111 eum
360 4076 404 4124 epo
415 4062 500 4110 mirer.
526 4061 582 4126 Epo
594 4061 707 4110 dicebam
718 4077 756 4109 ute
767 4060 858 4108 tuebere
869 4059 947 4114 diser
963 4075 1029 4107 uueo
1041 4063 1123 4108 autern
1135 4060 1257 4123 mpieter
1268 4075 1336 4108 meus
1347 4063 1386 4108 eet
1401 4064 1427 4108 et
1439 4064 1493 4109 tur-

292 4146 384 4210 pitudo
396 4162 458 4196 mea.
483 4145 542 4195 Nou
549 4161 652 4208 possum
662 4144 823 4209 praevalere,
842 4145 902 4207 quia
914 4145 951 4192 eir
963 4159 1016 4192 eum
1030 4143 1061 4192 at
1074 4144 1174 4208 iuij'uete
1185 4143 1286 4202 illesus,
1305 4145 1366 4208 quia
1378 4144 1443 4194 »rut
1454 4147 1492 4194 iu·

293 4232 379 4281 uenire
393 4245 496 4293 porrum
508 4231 569 4295 quid
582 4230 682 4294 loquor.
713 4229 783 4278 Uede
794 4228 872 4277 iudeo
884 4229 986 4277 tumre
1003 4229 1029 4276 iu
1047 4228 1219 4294 infirmitatem
1232 4228 1344 4277 vatnam
1362 4233 1387 4278 et
1398 4229 1431 4278 de
1442 4231 1493 4279 teto

294 4316 378 4365 seculo
395 4318 507 4379 eripuere
525 4319 570 4366 aut
587 4316 619 4365 ‹te
635 4317 687 4364 ieta
704 4315 807 4363 oieitute
824 4314 912 4377 epredi
930 4313 982 4373 (ite
994 4311 1069 4372 Pur.;
1089 4312 1151 4361 vat.
1169 4314 1314 4377 egredere),
1333 4315 1393 4377 puio
1409 4329 1495 4363 omues

293 4402 412 4450 uiderunt
427 4401 608 4463 turpitudinem
618 4416 710 4458 meatu,
728 4400 789 4463 quia
806 4400 894 4463 iesous
905 4399 1005 4461 decepit
1015 4414 1061 4447 me.
1089 4398 1156 4461 Qruid
1168 4399 1245 4447 iuteo
1261 4398 1414 4461 respondere
1432 4399 1494 4449 aliie

293 4490 340 4535 aut
352 4501 415 4550 quoe
425 4502 551 4536 semones
565 4487 676 4535 reoiture
684 4489 777 4548 potero
786 4499 835 4547 pro
854 4499 883 4533 eo
896 4485 962 4548 quod
974 4484 1036 4533 vicit
1046 4500 1084 4533 me
1100 4485 1127 4532 ie
1140 4484 1228 4546 primo
1240 4485 1346 4534 littera?
1370 4484 1493 4548 Stupeeoo

294 4587 354 4636 epu,
371 4587 385 4621 o
398 4572 474 4621 amici
484 4573 541 4630 mei,
554 4572 614 4636 quin
625 4586 671 4620 ereo
678 4570 825 4633 primordia
837 4569 966 4634 neojiuem
976 4584 1077 4632 possum
1090 4571 1201 4619 inuenire
1213 4571 1274 4635 quid
1285 4572 1309 4620 ei
1322 4570 1418 4634 (codex
1433 4571 1493 4621 vat.

293 4658 354 4723 quid
370 4657 440 4720 iude)
458 4657 629 4722 respondeam.
659 4656 773 4722 Difficile
789 4659 827 4706 eet
844 4656 909 4705 euim
927 4657 1029 4705 inicium
1042 4672 1133 4706 caueae
1144 4655 1168 4720 (i
1182 4642 1220 4721 ee)
1233 4658 1287 4707 eius
1297 4658 1421 4722 reperire.
1451 4655 1492 4707 Cf.

292 4744 416 4808 inprimis
428 4742 471 4793 Pe.
483 4743 582 4793 Mettis.
595 4742 688 4800 XXXI,
701 4744 726 4792 8.
1191 4752 1194 4758 ·
