3458 5640
435 599 768 650 essurio-marrim
786 601 1028 652 avuncunlum.
1056 601 1130 654 CAP.
1149 600 1258 654 xxvn.
1406 599 1447 664 95

247 748 429 831 dissipavit
450 767 557 831 opere
578 768 666 830 quae
689 768 752 831 ego
775 747 909 813 fueram
930 754 1104 832 operatus.
1151 749 1342 834 'Rogabat
1363 771 1445 834 ergo

247 873 323 918 eum
345 856 456 917 mater
475 849 611 915 dicens:
642 849 741 932 Noli,
764 849 902 918 domine
923 852 983 934 mi,
1010 852 1093 936 quia
1113 853 1301 938 insurgunt
1322 853 1358 918 in
1382 875 1444 919 nos

246 976 376 1021 omnes.
419 953 470 1019 At
495 955 554 1020 ille
581 955 704 1021 nolens
731 961 873 1021 matrem
899 977 995 1021 suam
1022 957 1240 1038 contristari,
1266 957 1355 1041 pede
1381 979 1444 1024 suo

246 1058 366 1125 dextro
383 1059 585 1142 percutiens
602 1064 701 1124 nates
718 1060 846 1124 mortui
863 1058 951 1124 dixit
966 1059 1010 1124 ad
1027 1081 1118 1125 eum:
1142 1059 1294 1145 Exurge,
1314 1059 1364 1125 iili
1381 1061 1445 1125 ini·

245 1164 406 1246 quitatis3
428 1184 497 1229 non
521 1164 613 1228 enim
636 1163 762 1245 dignus
785 1183 821 1228 es
842 1162 974 1227 intrare
996 1163 1031 1227 in
1053 1163 1210 1246 requiem
1231 1163 1342 1246 patris
1364 1163 1444 1244 mei,

245 1266 328 1349 quia
348 1265 530 1349 dissipasti
553 1285 659 1348 opera
680 1287 768 1349 quae
792 1287 854 1351 ego
877 1266 928 1331 fui
952 1271 1126 1350 operatus.
1162 1265 1262 1331 Tunc
1284 1265 1345 1349 qui
1369 1272 1444 1332 erat

243 1375 401 1435 mortuus
418 1369 570 1435 surrexit
592 1376 627 1434 et
643 1369 740 1435 abiit.
771 1368 873 1436 Iesus
890 1390 968 1435 vero
991 1368 1034 1435 ad
1058 1369 1241 1454 imperium
1264 1390 1364 1435 suum
1380 1390 1444 1452 per

243 1495 355 1559 aquae
373 1473 515 1540 ductum
532 1494 641 1558 aquas
658 1473 809 1540 ducebat
824 1473 860 1538 in
877 1473 984 1540 lacus,

692 1698 812 1765 essm
835 1697 995 1767 xxvii.

328 1838 377 1903 Et
400 1837 531 1904 factum
557 1843 610 1904 est
634 1837 726 1922 quod
752 1843 832 1922 post
857 1837 943 1903 hacc
967 1835 1167 1902 videntibus
1191 1835 1326 1901 cunctis
1350 1836 1445 1920 oepit

243 1942 356 2006 lutum
374 1940 416 2006 de
433 1940 519 2006 lacis
532 1962 619 2024 quos
635 1941 768 2006 fecerat
783 1941 885 2007 Iesus
903 1946 995 2006 etex
1012 1962 1052 2006 eo
1069 1940 1155 2005 fecit
1166 1938 1351 2003 duodecim
1367 1961 1444 2023 pas·

244 2063 350 2109 seres.
395 2043 483 2108 Erat
502 2049 617 2109 autem
637 2042 819 2109 sabbatum
837 2042 976 2127 quando
1000 2042 1085 2108 fecit
1106 2040 1173 2108 hoo
1193 2040 1312 2123 Iesus,
1339 2046 1374 2106 et
1394 2042 1444 2106 in·

243 2147 358 2213 fantes
380 2146 520 2230 plurimi
544 2153 644 2212 erant
665 2168 742 2212 cum
764 2168 816 2212 eo.
856 2145 942 2211 Cum
965 2167 1046 2230 ergo
1067 2145 1214 2211 vidisset
1236 2144 1377 2229 quidam
1400 2145 1442 2211 de

243 2249 386 2317 Iudaeis
409 2271 486 2315 eum
507 2250 573 2316 hoc
594 2251 796 2332 facientem,
820 2250 908 2316 dixit
930 2250 973 2316 ad
989 2248 1134 2334 Ioseph:
1158 2247 1303 2333 Ioseph,
1327 2270 1442 2315 nonne

242 2354 338 2420 vides
360 2353 529 2420 infantem
545 2355 663 2422 Iesum
685 2355 721 2420 in
739 2355 885 2422 sabbato
908 2355 1044 2439 operari
1062 2352 1156 2438 quod
1179 2354 1211 2420 ei
1233 2352 1349 2419 facere
1372 2373 1441 2418 non

243 2454 347 2523 licet?
384 2457 486 2523 Fecit
510 2459 602 2524 enim
628 2458 670 2525 de
696 2458 770 2526 luto
797 2458 981 2524 duodecim
1005 2478 1176 2542 passeres.
1215 2455 1299 2522 Hoc*
1320 2455 1440 2522 audito

241 2559 370 2644 Ioseph
392 2560 509 2644 arguit
525 2582 602 2626 eum
620 2561 756 2627 dicens:
790 2560 906 2645 Quare
929 2561 964 2626 in
982 2559 1128 2626 sabbato
1146 2559 1232 2626 talia
1247 2559 1334 2625 facis
1351 2579 1440 2643 quae

242 2662 343 2729 nobis
367 2686 434 2730 non
458 2664 542 2730 licet
563 2663 702 2731 facere?
733 2666 834 2731 Iesus
857 2672 973 2732 autem
995 2664 1142 2730 audiens
1158 2662 1288 2748 Ioseph
1311 2668 1347 2729 et
1365 2684 1441 2747 per·

242 2765 379 2831 cutiens
399 2788 539 2831 manum
560 2767 603 2832 od
626 2789 764 2832 manum
782 2767 870 2833 dixit
891 2767 1092 2852 passeribus
1115 2767 1202 2832 suis:
1226 2767 1363 2834 Volate.
1393 2766 1441 2831 Et

242 2868 286 2934 ad
302 2890 418 2935 vocem
440 2871 578 2955 imperii
600 2871 654 2937 sui
678 2878 869 2956 cooperunt
888 2872 1015 2940 volero.
1046 2871 1095 2938 Et
1114 2870 1311 2937 astantibus
1334 2871 1441 2938 omni·

242 2973 306 3040 bus
323 2974 397 3040 illic
409 2975 653 3044 etridentibus
670 2984 706 3043 ot
720 2973 946 3045 audientibus
958 2977 1046 3044 dixit
1056 2976 1191 3043 avibus:
1215 2975 1270 3042 ite
1282 2978 1439 3043 etvolate

242 3100 305 3163 por
326 3079 443 3145 orbem
466 3086 501 3146 ct
521 3103 584 3165 per
605 3103 740 3148 omnem
761 3082 926 3149 mundum
949 3087 984 3148 ot
1005 3081 1118 3147 vivite.
1164 3080 1336 3148 Videntos
1360 3101 1439 3147 vero

243 3183 303 3268 qui
320 3183 466 3250 aderant
481 3184 568 3251 talia
584 3187 692 3271 signa,
711 3186 834 3271 repleti
852 3192 935 3253 sunt
950 3191 1093 3269 stupore
1110 3207 1245 3270 magno.
1277 3184 1352 3251 Alii
1368 3185 1440 3250 lau·

312 3399 336 3443 3.
355 3399 440 3447 ratem
459 3400 562 3459 ntsrqc
862 3444 864 3449 .

310 3480 417 3552 xxvn.
438 3482 507 3531 Erat
515 3486 598 3531 auism
608 3480 660 3544 (ito
669 3480 712 3544 n):
725 3495 742 3530 n
753 3482 824 3531 Erat
832 3482 904 3531 esim.
920 3481 986 3532 item
998 3481 1141 3531 laudabant
1153 3481 1196 3544 (ut
1206 3480 1249 3543 n)=
1265 3495 1279 3529 n
1291 3481 1344 3530 add
1355 3482 1439 3539 deum
1458 3509 1464 3548 ι

240 3576 258 3614 n
272 3564 311 3614 sic
324 3566 496 3628 (continuato
509 3567 598 3630 capito
613 3566 731 3630 xxvl.):
751 3568 790 3616 Et
799 3568 903 3632 fartum
920 3572 957 3617 est
971 3593 978 3602 -
991 3569 1096 3632 surupsit
1109 3568 1181 3616 Iesus
1198 3567 1277 3616 lutiam
1288 3568 1320 3616 ds
1336 3567 1440 3618 lacubus

240 3651 411 3715 quosseesrat
422 3656 447 3701 st
459 3677 468 3688 ·
480 3653 511 3701 ds
523 3653 611 3702 Iudeis
620 3670 674 3701 cum
686 3653 826 3718 tutantibus
837 3655 1029 3719 boesccieutsm
1037 3654 1091 3702 dir.
1104 3654 1139 3702 cd
1148 3654 1256 3718 Iosrpbs
1273 3653 1361 3704 Nonne
1370 3655 1440 3705 vides
1461 3668 1464 3688 ¹

235 3750 343 3798 puerum
359 3737 441 3786 Iesum
454 3764 463 3775 ·
476 3740 542 3804 quod
558 3755 612 3788 euru
630 3756 679 3789 nou
698 3739 757 3789 licet
767 3741 862 3804 facere
875 3766 883 3775 ·
896 3740 1020 3803 arpaeoar
1035 3757 1089 3788 eum
1100 3741 1186 3789 ‹iiceus
1199 3765 1207 3776 ·
1221 3741 1326 3789 saliem
1343 3742 1404 3789 basa
1422 3758 1439 3789 a

240 3823 331 3885 Iosrpb
339 3825 468 3887 percussit
480 3850 489 3862 ·
502 3830 527 3874 st
535 3826 684 3890 passeribus
695 3827 747 3874 suis
759 3826 826 3875 dixit
839 3852 847 3862 ·
861 3827 961 3888 imperii
972 3827 1025 3874 sius
1038 3851 1045 3861 ·
1059 3826 1202 3875 cstarstibus
1220 3825 1275 3875 iltis
1291 3826 1402 3876 crucibus
1413 3832 1439 3877 st
1462 3837 1465 3877 ἶ

240 3934 248 3945 ·
261 3909 394 3959 liscobrie
403 3926 452 3974 per
463 3926 556 3960 omnmo
565 3912 648 3960 mund.
662 3915 686 3960 st
695 3912 743 3960 vic.
756 3936 764 3946 ·
778 3910 831 3960 tals
843 3911 940 3974 siprrum
953 3936 961 3947 ·
974 3916 999 3961 et
1012 3911 1061 3959 alii
1073 3912 1215 3962 iarsdabast
1226 3916 1251 3961 et
1264 3937 1272 3948 ·
1285 3916 1310 3961 et
1322 3912 1439 3963 abierunt
1462 3892 1465 3942 i

239 3996 273 4044 ad
282 3996 366 4060 princ.
379 4021 388 4032 ·
401 3984 597 4044 Pharisaeorum
607 3996 708 4059 qrsirlcm
720 4013 751 4044 rr
761 3997 865 4043 Ituraeis
877 4001 902 4044 rt
914 4013 1021 4045 aisrsuue.
1034 3997 1070 4045 sis
1080 3998 1182 4060 quidmst
1192 3997 1252 4060 quia
1265 3997 1314 4046 les.
1328 4024 1336 4034 ·
1346 3998 1438 4061 popuii
1457 4039 1459 4043 ,

238 4080 312 4143 sipara
323 4096 372 4127 ma.
384 4085 410 4129 et
421 4081 622 4144 virtutessecisr.
637 4105 645 4116 ·
658 4082 704 4128 Isca
716 4081 778 4129 XII
787 4080 900 4129 tribubus
911 4081 962 4130 Iar.

307 4163 339 4213 In
352 4177 369 4213 n
382 4164 436 4213 isto
449 4164 563 4214 historio
576 4165 677 4228 excipit
690 4180 746 4214 esm
761 4180 827 4227 quse
842 4170 934 4214 nostro
948 4166 1037 4228 capito
1048 4164 1165 4213 xxxxi.
1178 4165 1342 4214 continetur.
1363 4165 1437 4230 Legi·

240 4253 283 4298 tar
301 4253 390 4300 sutem
408 4251 459 4300 sic:
478 4251 542 4300 Post
559 4251 621 4299 baso
637 4251 754 4300 abierunt
771 4248 895 4315 [Ioseph]
914 4251 1043 4300 etMaria
1058 4251 1224 4300 inuisitatem
1237 4250 1364 4308 Nasos-et,
1382 4247 1436 4316 [et]

240 4339 297 4386 erat
312 4336 347 4386 ibi
365 4352 418 4386 cum
432 4336 584 4401 parentibus
598 4337 659 4387 suis.
686 4337 746 4402 (His
760 4337 907 4402 respondet
920 4337 1028 4387 initium
1041 4353 1099 4402 cop.
1113 4335 1257 4399 XXXXH.)
1284 4338 1388 4386 Factum
1400 4342 1438 4388 est

240 4439 293 4473 eum
304 4424 431 4474 sumsisset
441 4425 514 4475 Iesus
526 4424 605 4474 lutum
616 4425 648 4475 de
660 4423 844 4490 &irajarites
856 4441 884 4475 eo
893 4425 1024 4474 duodecim
1035 4439 1161 4487 passeres,
1175 4425 1315 4475 cicladibus
1326 4425 1437 4475 omnibus

240 4511 283 4575 qui
294 4510 422 4571 astabant,
430 4513 559 4575 percussit
567 4529 667 4562 manum
679 4512 713 4561 ad
722 4528 821 4561 prauum
831 4510 886 4578 [et]
893 4512 1042 4575 passeribus
1051 4511 1105 4561 illis
1115 4512 1194 4561 dicit:
1219 4511 1301 4562 Visite
1310 4516 1335 4561 et
1344 4511 1435 4564 rotata

242 4599 278 4648 Et
294 4599 328 4648 ad
345 4599 476 4663 imperium
492 4601 545 4650 siris
563 4604 697 4665 coeperunt
714 4599 801 4649 volare
818 4605 844 4650 st
861 4601 981 4650 ‹·lamare.
1006 4599 1076 4649 Erat
1094 4604 1177 4649 autem
1195 4599 1324 4650 sabbatum
1336 4598 1436 4664 quando

241 4685 301 4735 baec
310 4684 380 4750 fecit
391 4686 470 4736 Issus.
497 4687 565 4735 iiiuc
577 4686 669 4751 Irsdaei
683 4686 778 4751 repleti
795 4691 898 4750 stupore
909 4687 1044 4736 dixerunt.-
1068 4687 1174 4748 losepb,
1193 4702 1272 4736 sorsss
1291 4685 1358 4735 uides
1376 4684 1436 4750 quid

232 4770 307 4834 sarit
314 4786 379 4835 puer
389 4775 446 4821 tuus
457 4773 483 4819 is
495 4772 608 4831 sabbato,
621 4788 669 4837 quo
679 4788 727 4823 son
737 4773 895 4837 iiretsacers
907 4773 1007 4837 aliquid
1013 4773 1024 4821 t
1041 4772 1099 4821 Alii
1108 4773 1303 4823 admirabantur
1311 4773 1436 4822 disaster:
