3458 5640
311 634 545 686 ressontium
563 597 755 685 mrsurnn
772 630 965 683 emarcum.
995 629 1113 682 xxxrv.
1130 630 1235 682 xxxv.
1312 629 1373 692 199

172 785 296 851 laetam
317 783 386 848 huc
411 802 637 848 reversuram,
682 781 753 847 Illa
773 779 900 845 mulier
919 778 1022 845 simul
1047 784 1152 864 atque
1176 762 1373 845 orationem

172 889 264 955 filiae
280 886 451 972 principis
472 885 600 968 audiit,
623 884 808 952 confestim
830 882 937 948 filiam
956 903 1053 948 suam
1072 903 1190 949 seeum
1212 882 1368 965 abduxit,

172 1000 208 1059 et
236 993 279 1058 ad
309 991 422 1058 locum
449 989 669 1075 designatum
694 987 854 1074 profecta
878 984 1052 1053 dominam
1076 986 1194 1053 heram
1219 985 1368 1054 Mariam

170 1096 259 1163 adiit
279 1096 381 1180 eique
404 1094 496 1161 filiae
513 1114 596 1159 suae
617 1099 746 1159 statum
768 1091 915 1175 aperuit.
954 1088 1090 1156 Audita
1111 1091 1269 1157 oratione
1292 1092 1368 1156 eius

171 1199 255 1264 hera
270 1198 385 1263 Maria
400 1197 564 1280 praebuit
579 1196 633 1261 illi
649 1194 843 1279 paullulum
859 1215 971 1278 aquae
989 1195 1145 1278 eiusque
1161 1214 1287 1278 corpus
1304 1193 1368 1258 filii

171 1302 224 1366 sui
241 1300 323 1366 Iesu
340 1299 514 1381 abluerat,
537 1298 643 1382 idque
660 1318 735 1363 eam
751 1297 788 1361 in
805 1317 931 1379 corpus
948 1295 1040 1361 filiae
1058 1295 1236 1361 effundere
1253 1295 1368 1362 iussit.

170 1401 265 1468 Data
280 1422 420 1486 quoque
442 1401 509 1485 ipsi
527 1400 637 1466 fascia
653 1421 694 1465 ex
709 1398 908 1482 panniculis
926 1397 1057 1464 domini
1074 1398 1167 1479 Iesu,
1190 1396 1295 1480 Cape,
1318 1397 1369 1461 in·

170 1504 260 1588 quit,
286 1504 376 1569 hanc
399 1502 543 1568 fasciam
569 1522 712 1586 eamque
733 1500 827 1566 hosti
849 1504 925 1582 tuo,
952 1500 1240 1585 quotiescumque
1267 1500 1367 1566 illum

170 1605 308 1689 rideris,
330 1602 487 1673 ostende.
521 1604 661 1670 Etcum
679 1603 890 1670 salutatione
911 1602 990 1669 illas
1010 1602 1152 1669 dimisit.

516 1837 523 1853 ’
607 1826 727 1894 Gerar
750 1826 929 1894 XXXIV.

257 1999 343 2067 Cum
360 2017 441 2085 ergo
459 2000 637 2085 digressae
658 2000 701 2065 ab
722 1999 785 2065 illa
805 2000 842 2064 in
859 2001 1038 2084 regionem
1054 2021 1151 2066 suam
1167 2000 1366 2083 rediissent,

169 2103 378 2188 adessetque
398 2110 613 2188 tempusque
631 2108 770 2168 satanas
788 2103 848 2169 ille
865 2102 1029 2169 invadere
1047 2123 1122 2168 eam
1138 2103 1284 2185 solebat,
1300 2103 1368 2169 hoc

170 2208 245 2292 ipso
262 2212 417 2292 tempore
439 2206 603 2291 apparuit
622 2205 676 2272 illi
697 2204 754 2272 hic
769 2206 977 2273 maledictus
1001 2206 1064 2273 sub
1081 2206 1193 2272 forma
1212 2207 1366 2292 ingentis

171 2312 342 2393 draconis,
360 2332 380 2376 a
396 2332 463 2395 quo
481 2314 669 2394 conspecto
686 2308 806 2393 puella
821 2310 950 2376 timuit.
976 2308 1042 2376 Oui
1057 2315 1180 2376 mater:
1199 2309 1255 2377 Ne
1271 2312 1366 2393 time,

171 2436 190 2481 o
215 2415 301 2495 filia;
326 2415 401 2480 sine
426 2413 525 2479 illum
550 2413 594 2479 ad
615 2420 648 2480 te
674 2413 857 2497 accedere,
883 2420 958 2480 tum
979 2413 1123 2481 fasciam
1144 2436 1245 2500 quam
1269 2415 1367 2482 dedit

170 2518 271 2583 nobis
289 2517 429 2583 domina
443 2515 558 2582 Maria
578 2518 723 2583 ostende
745 2518 828 2601 ipsi,
851 2515 992 2602 etquid
1012 2517 1169 2583 futurum
1191 2517 1367 2585 sitvidea-

171 2643 255 2687 mus.
297 2617 382 2686 Oum
408 2620 518 2704 igitur
537 2625 678 2687 satanas
703 2621 764 2686 ille
788 2621 973 2688 draconem
993 2620 1187 2688 terribilem
1208 2621 1368 2688 referens

169 2724 498 2808 appropinquasset,
522 2744 648 2809 corpus
669 2724 808 2809 puellae
829 2744 912 2807 prae
934 2724 1059 2790 timore
1080 2724 1156 2790 eius
1172 2724 1363 2807 inhorruit3

167 2827 228 2893 sed
245 2827 455 2912 simulatque
477 2827 621 2894 fasciam
643 2828 746 2893 istam
761 2829 908 2913 promsit
928 2834 963 2894 et
984 2827 1091 2912 capiti
1112 2849 1174 2895 suo
1197 2829 1365 2915 imposuit

167 2931 357 3016 oculosque
375 2952 416 2998 ea
432 2931 575 3015 obtexit,
599 2953 639 2998 ex
656 2954 697 2999 ea
713 2931 824 2999 fascia
838 2932 995 3000 flammae
1012 2938 1048 2999 et
1063 2954 1196 3017 prunae
1213 2935 1363 3002 emicare

164 3039 270 3119 atque
292 3037 328 3100 in
345 3035 530 3101 draconem
545 3036 671 3120 profici
689 3043 890 3121 coeperunt.
923 3035 952 3103 Ο
970 3059 1131 3122 magnum
1154 3039 1243 3104 illud
1260 3040 1361 3107 mira-

168 3138 294 3221 culum,
313 3138 406 3223 quod
422 3140 552 3205 factum
568 3145 622 3206 est
637 3139 847 3226 simulatque
862 3140 966 3207 draco
983 3141 1128 3207 fasciam
1138 3142 1270 3208 domini
1280 3143 1362 3213 Iesu

167 3241 338 3326 adspexit,
361 3264 402 3309 ex
418 3264 488 3327 qua
502 3244 594 3327 ignis
611 3244 784 3310 emicabat
799 3249 835 3310 et
853 3245 889 3309 in
907 3251 1013 3329 caput
1029 3245 1103 3311 eius
1120 3250 1225 3328 atque
1242 3247 1362 3314 oculos

168 3343 427 3426 proiiciebatur.
463 3343 593 3427 Magna
612 3344 672 3409 ille
689 3365 771 3411 voce
789 3346 1004 3412 exclamavit:
1038 3345 1131 3429 Quid
1147 3348 1232 3412 mihi
1249 3355 1363 3415 tecum

168 3451 234 3527 est,
258 3444 375 3513 oIesu
392 3447 441 3512 fili
458 3445 615 3513 Mariae?
638 3470 705 3532 quo
726 3455 796 3514 ate
813 3447 967 3534 fugiam?
996 3450 1126 3535 Magno
1144 3471 1221 3517 cum
1237 3452 1361 3521 timore

166 3551 1363 3641 tergumvertensapuelladisoessit,nequeunquamposteaeiappa·

165 3654 245 3718 ruit.
270 3653 396 3721 Puella
411 3661 527 3720 autem
543 3655 611 3720 iam
628 3655 670 3721 ab
689 3676 728 3731 eo
747 3656 856 3722 otium
872 3655 997 3722 habuit
1014 3663 1049 3723 et
1065 3656 1130 3724 deo
1148 3657 1270 3724 laudes
1288 3681 1363 3745 gra·

163 3757 300 3842 tiaeque
318 3759 398 3842 egit,
416 3763 539 3824 etcum
556 3758 633 3842 ipsa
650 3760 840 3844 omnesqui
857 3759 1025 3827 miraculo
1043 3760 1097 3827 illi
1114 3761 1359 3830 interfuerant.

611 4015 731 4083 Garun
755 4016 914 4085 XXXV.

247 4183 333 4252 Alia
350 4185 480 4252 ibidem
496 4187 623 4252 mulier
639 4188 798 4275 degebat,
816 4188 916 4254 cuius
933 4188 1027 4256 filius
1044 4211 1065 4256 a
1080 4195 1204 4256 satana
1218 4191 1361 4258 vexaba-

106 4349 109 4358 .
164 4294 230 4354 tur.
261 4289 341 4371 Hic,
357 4289 465 4355 Iudas
482 4290 633 4373 nomine,
653 4290 943 4375 quotiescumque
960 4296 1100 4358 satanas
1117 4290 1177 4357 ille
1195 4313 1272 4358 eum
1290 4315 1361 4359 cor·

165 4392 324 4477 ripiebat,
342 4414 461 4459 omnes
473 4392 532 4476 qui
549 4392 593 4458 ad
610 4414 688 4459 eum
705 4393 1036 4478 appropinquabant
1046 4394 1237 4479 mordebat,
1254 4402 1357 4482 atque

166 4496 195 4561 si
217 4496 389 4562 neminem
416 4497 513 4561 iuxta
534 4515 570 4560 se
596 4495 796 4562 inveniebat
817 4519 897 4563 suas
924 4499 999 4582 ipse
1021 4520 1143 4564 manus
1167 4505 1202 4565 et
1222 4505 1360 4567 caetera

234 4706 350 4756 xxxlv.
369 4707 462 4756 Puella
475 4711 557 4758 autem
570 4733 579 4744 ·
592 4733 601 4743 ·
613 4708 716 4757 tabuit:
734 4708 774 4758 ita
786 4709 828 4758 lll.
842 4723 890 4772 pro
904 4707 949 4758 Sic
955 4707 1061 4772 puellae
1072 4710 1130 4760 tate
1141 4712 1358 4777 sepetiamjaees·

165 4808 221 4842 me
232 4792 307 4841 desiit
