3458 5640
296 623 359 687 202
531 622 764 675 svaudunum
781 612 973 674 laesurus
989 615 1182 675 cumeum
1204 623 1259 674 xl..

297 795 357 840 rex
379 772 529 857 Iosepho
555 774 665 838 iratus
693 777 761 854 cst;
785 771 957 857 Iosephus
982 776 1097 837 autem
1122 792 1143 836 a
1166 792 1247 857 rege
1272 771 1496 840 vehementer

297 880 423 945 timens
434 883 570 944 noctem
586 879 793 945 incoenatus
803 877 940 962 peregit
949 896 1014 942 nec
1025 875 1209 960 quicquum
1226 875 1366 942 omnino
1377 883 1495 960 gusta·

296 983 355 1048 rit.
385 980 485 1047 Tunc
506 978 681 1047 adomino
698 979 780 1047 Iesu
797 985 939 1066 rogatus
959 999 1066 1064 quaro
1082 979 1229 1063 timeret,
1253 976 1354 1064 Quia,
1378 981 1495 1064 inquit

250 1167 252 1171 y
296 1084 483 1170 Iosephus,
507 1104 607 1150 omne
631 1083 720 1150 illud
742 1084 836 1169 quod
856 1105 920 1168 per
939 1083 1120 1149 biennium
1141 1082 1383 1168 feciperdidi.
1425 1080 1492 1149 Oui

249 1190 252 1195 '
297 1188 456 1255 domiuus
472 1187 585 1270 Iesus,
599 1186 653 1254 Ne
670 1187 764 1270 timo,
782 1187 908 1272 inquit,
925 1207 1009 1253 nere
1026 1186 1177 1253 animum
1193 1185 1321 1268 sbiice;
1339 1184 1400 1253 sed
1416 1207 1494 1270 pro·

295 1292 409 1359 bande
428 1299 465 1358 tu
487 1313 593 1356 unum
616 1291 696 1356 solii
715 1291 824 1373 latus,
846 1312 910 1375 ego
931 1291 1079 1357 alterum
1095 1288 1321 1374 prehendam,
1343 1289 1492 1355 utillud

295 1396 519 1479 corrigamus.
545 1391 701 1477 Oumque
719 1392 863 1459 fecisset
872 1391 1042 1476 Iosephus
1054 1392 1341 1476 quemadmodum
1357 1390 1492 1457 dixerat

295 1497 456 1562 dominus
478 1493 594 1577 Iesus,
617 1501 653 1560 ct
669 1478 860 1578 uterque'a
881 1494 991 1560 latere
1013 1514 1075 1559 suo
1097 1495 1274 1576 traxisset,
1298 1498 1491 1558 correctum

297 1605 351 1664 est
367 1597 494 1663 solium
516 1605 551 1663 et
571 1595 615 1662 ad
637 1597 764 1662 iustam
783 1596 852 1662 loci
868 1595 965 1662 illius
981 1615 1176 1661 mensuram
1193 1595 1380 1662 redactum.
1413 1591 1490 1679 Quo

294 1701 456 1786 prodigio
479 1706 663 1784 conspecto
680 1700 740 1784 qui
762 1698 908 1765 aderant
930 1698 1185 1783 obstupuerunt
1205 1704 1240 1765 et
1255 1698 1357 1764 deum
1372 1698 1491 1764 lauda·

294 1812 386 1871 runt.
416 1803 532 1888 Ligna
545 1824 626 1870 vero
651 1803 726 1870 eius
742 1804 826 1877 solii
848 1825 890 1870 ex
910 1803 983 1870 illis
1003 1810 1103 1871 orant
1118 1824 1206 1888 quae
1223 1809 1378 1887 tempore
1394 1801 1491 1870 Salo·

295 1909 407 1974 monis
418 1907 483 1973 filii
492 1906 638 1974 Davidis
651 1907 926 1989 celebrabantur,
939 1908 962 1973 i.
974 1930 1002 1973 c.
1014 1908 1111 1992 ligna
1120 1907 1215 1974 varia
1225 1912 1260 1973 et
1269 1906 1488 1991 multiplicis.

781 2127 902 2195 Cunus
924 2128 1002 2194 XL.

378 2297 462 2364 Alio
480 2298 630 2383 quodam
647 2299 702 2364 die
720 2299 881 2366 dominus
897 2299 998 2367 Issus
1019 2301 1055 2365 in
1072 2299 1160 2365 viam
1177 2320 1338 2384 egressus
1358 2306 1394 2364 ct
1409 2319 1492 2383 pue·

293 2424 351 2469 ros
374 2402 433 2487 qui
455 2401 500 2468 ad
519 2401 711 2468 ludendum
731 2409 965 2470 convenerant
987 2403 1207 2487 conspicatus
1231 2425 1288 2470 eos
1309 2403 1490 2470 insecutus

294 2513 357 2592 est,
374 2507 475 2592 pueri
492 2514 608 2573 autem
625 2528 662 2574 se
679 2507 722 2573 ab
739 2507 801 2573 illo
818 2508 1087 2576 absconderunt.
1121 2505 1293 2573 Dominus
1309 2505 1412 2574 Iesus
1428 2507 1491 2592 igi-

293 2620 351 2681 tur
371 2633 447 2710 cum
473 2610 516 2677 ad
541 2616 674 2694 portam
698 2610 819 2678 domus
845 2612 1025 2679 cuiusdam
1045 2613 1198 2679 venisset
1223 2616 1258 2677 et
1282 2617 1415 2680 stantes
1439 2612 1490 2678 ibi

291 2717 457 2784 mulieres
474 2715 723 2798 conspexisset,
747 2735 805 2780 eas
820 2716 956 2800 rogasit
971 2736 1121 2801 quonam
1137 2717 1238 2800 pueri
1254 2715 1307 2780 illi
1324 2716 1490 2782 abissent.

291 2819 448 2906 Cumque
470 2819 643 2885 neminem
664 2819 714 2885 ibi
739 2820 862 2886 adesso
881 2819 1162 2905 respondissent,
1183 2820 1309 2884 iterum
1326 2817 1487 2885 dominus

290 2924 403 3007 Iesus,
424 2922 485 3004 Hi,
506 2923 632 3007 inquit,
655 2943 741 3007 quos
762 2925 798 2988 in
815 2924 955 2989 fornace
971 2920 1108 3004 videtis,
1130 2921 1271 3005 quinam
1288 2919 1391 2987 sunt?
1421 2920 1488 2988 Re-

290 3027 545 3114 spondentibus
556 3026 628 3093 illis
639 3026 768 3093 hoedos
780 3049 856 3093 csse
867 3028 1033 3109 triennes,
1048 3025 1207 3091 clamavit
1217 3023 1486 3092 dominusIesus

291 3134 462 3216 dixitque:
487 3129 569 3196 Huc
585 3131 686 3213 exite,
704 3130 847 3214 ohaedi,
865 3130 908 3197 ad
920 3136 1265 3215 pastorcmvcstrum.
1289 3127 1489 3215 'Pumpueri

290 3235 482 3304 haedorum
499 3235 650 3320 speciem
666 3233 836 3301 habentes
854 3236 1014 3301 exierunt
1030 3234 1169 3300 etcircs
1184 3235 1298 3318 ipsum
1315 3234 1489 3301 exsultare

292 3345 496 3426 coeperunt:
519 3359 586 3423 quo
603 3345 788 3423 conspecto
805 3340 969 3406 mulieres
990 3338 1072 3405 illae
1094 3338 1279 3404 admodum
1295 3339 1439 3404 miratae
1456 3348 1491 3406 et

291 3451 441 3510 tremore
463 3449 641 3526 correptus
664 3463 811 3525 propero
834 3442 1012 3508 dominum
1032 3441 1150 3507 Iesum
1171 3442 1347 3524 supplicos
1370 3444 1491 3508 odoru-

284 3554 388 3636 runt,
410 3545 582 3610 dicentes:
615 3541 644 3609 Ο
662 3544 799 3609 dominc
817 3550 937 3609 nostor
954 3543 1052 3625 Iesu,
1076 3545 1126 3607 fili
1142 3543 1293 3624 Mariae,
1317 3552 1354 3608 tu
1371 3567 1490 3611 revera

292 3670 330 3714 es
356 3654 476 3732 pastor
502 3646 562 3712 ille
589 3645 700 3712 bonus
727 3645 887 3728 Israelis,
922 3647 1087 3712 miserere
1118 3646 1323 3711 ancillarum
1350 3654 1487 3713 tuarum

293 3772 382 3835 quas
399 3771 513 3817 coram
530 3756 564 3816 te
582 3755 678 3816 stant
694 3769 852 3834 quaeque
870 3770 1047 3834 nunquam
1064 3748 1281 3815 dubitarunt:
1302 3748 1345 3814 ad
1365 3770 1488 3815 sanan·

293 3853 374 3920 dum
390 3854 492 3936 onim,
510 3874 528 3919 o
545 3853 682 3920 domine
699 3861 827 3937 noster,
843 3854 980 3935 venisti,
997 3874 1067 3918 non
1083 3852 1127 3917 ad
1144 3852 1369 3936 perdendum.
1400 3850 1487 3919 Cum

360 4081 476 4130 XXXIX.
495 4081 617 4144 Iosephus
627 4085 711 4131 autern
723 4097 740 4130 a
751 4097 810 4144 repe
822 4106 831 4117 ·
845 4106 853 4116 ·
864 4080 990 4144 putavit:
1007 4079 1046 4128 its
1058 4078 1097 4127 1²1.
1111 4093 1157 4142 pro
1171 4082 1196 4127 et
1208 4078 1329 4141 Iosephus
1340 4080 1406 4128 iram
1418 4081 1488 4142 repis

291 4172 402 4217 motasse
414 4169 561 4215 incoenatus
572 4166 721 4226 dormiebat,
734 4183 789 4216 cum
800 4166 865 4215 nibil
877 4167 975 4215 omuino
985 4170 1114 4230 proctamet

360 4253 445 4317 Lipno
456 4256 539 4302 autem
551 4252 624 4302 illius
634 4253 695 4303 solii
707 4258 763 4304 cto:
783 4253 822 4301 its
836 4252 873 4301 Fi.
898 4251 976 4316 Apud
990 4251 1045 4300 sik.
1065 4256 1094 4302 ot
1106 4251 1177 4300 Thil.
1194 4257 1237 4301 ost
1250 4251 1414 4300 Rubricatum
1426 4267 1485 4300 sero

291 4343 349 4412 crat
360 4338 451 4388 solium
462 4340 508 4387 hoc
520 4354 551 4387 ea
563 4338 632 4402 lippo
644 4338 692 4388 illo
705 4339 771 4404 qood
783 4338 918 4388 exstiterat
926 4342 1040 4401 *tompore
1053 4338 1205 4395 Salornonis,
1223 4336 1403 4402 Daoidisfilii,
1417 4335 1487 4399 lippo

291 4425 389 4474 scilicet
400 4425 585 4490 oara'isformis
597 4427 724 4492 etflparic
736 4425 864 4490 iaripaito.

275 4489 280 4502 '
360 4510 413 4560 xt.
435 4510 764 4573 nmpusrsnessmsc
780 4512 819 4560 ra
832 4511 886 4571 m.;
906 4508 962 4560 su.
977 4516 1004 4559 οι
1016 4510 1087 4560 ssu.
1100 4510 1138 4560 nt
1150 4512 1280 4576 assata
1293 4510 1488 4575 egrediebantur

287 4598 364 4660 pueri
376 4598 465 4647 taedis
476 4598 572 4648 similes

359 4700 471 4749 quaeqae
481 4686 608 4750 nusquam
619 4685 769 4735 dubitarunt
782 4710 791 4721 ·
805 4709 814 4720 ·
830 4684 865 4734 od
873 4684 1045 4748 perdendam:
1064 4685 1103 4734 its
1116 4682 1156 4732 ΕΙ.
1169 4699 1216 4749 pro
1230 4697 1294 4750 quoe
1305 4684 1404 4733 maimo
1416 4684 1486 4733 duot-

291 4774 348 4819 tsnt
360 4770 419 4833 quin
432 4774 468 4827 tu,
481 4774 495 4819 ὸ
508 4771 606 4820 domine
618 4775 712 4829 noem,
724 4770 759 4820 ad
770 4770 920 4829 sanandum,
933 4765 983 4819 aon
994 4786 1053 4820 cero
1066 4769 1100 4818 od
1109 4769 1266 4832 perdendum
1277 4771 1376 4818 semis
