3458 5640
309 547 373 609 418
661 548 790 599 svera.
809 548 986 600 amonem
1012 549 1098 600 rsus
1117 548 1156 600 11.

310 695 352 762 ad
383 716 441 762 nos
473 696 723 782 osculantesque
756 697 797 762 ad
829 698 985 782 inuicem,
1021 697 1101 782 quia
1131 698 1199 763 cari
1229 697 1336 762 nostri
1368 696 1504 762 suerunt

310 802 423 887 amici,
457 801 732 887 interrogavimus
763 824 835 870 eos:
876 803 990 869 Dicite
1022 802 1132 888 nobis,
1168 802 1265 868 amici
1302 807 1335 868 et
1370 800 1503 889 fratres,

310 929 395 992 quae
418 912 469 974 est
491 909 573 974 haee
601 908 712 978 anima
741 914 774 975 et
802 909 904 977 caro?
942 916 975 975 et
1003 910 1060 994 qui
1087 914 1164 975 sunt
1193 909 1249 974 isti
1280 930 1354 975 cum
1381 909 1502 994 quibus

308 1012 472 1099 pergitis?
509 1020 544 1079 et
570 1013 734 1098 quomodo
763 1015 982 1099 corporaliter
1008 1015 1150 1080 manetis
1178 1015 1233 1098 qui
1256 1012 1333 1079 olim
1355 1014 1501 1080 defuncti

308 1115 442 1184 fuistis?

396 1235 492 1322 ²Qui
520 1237 758 1321 respondentes
785 1237 952 1304 dixerunt:
983 1236 1241 1302 Resurreximue
1268 1257 1341 1301 cum
1370 1235 1501 1302 Christo

307 1338 349 1402 ab
381 1339 512 1424 inseris,
549 1347 582 1405 ot
613 1342 682 1425 ipse
714 1342 923 1406 resuscitavit
952 1362 1013 1405 nos
1045 1361 1065 1405 a
1096 1342 1244 1404 mortuis.
1293 1340 1340 1404 ut
1368 1361 1408 1404 cx
1438 1341 1501 1405 hoc

307 1437 422 1502 sciatis
444 1438 533 1521 quod
562 1438 751 1505 destructae
781 1445 858 1505 sunt
879 1445 998 1523 portae
1021 1439 1137 1504 mortis
1160 1445 1193 1504 ot
1215 1438 1439 1522 tenebrarum,
1467 1446 1501 1504 et

307 1542 437 1608 animae
459 1549 649 1610 sanctorum
671 1543 748 1610 iude
770 1550 848 1609 sunt
870 1551 1018 1610 exemtae
1041 1544 1130 1609 etin
1154 1543 1282 1609 caelum
1306 1544 1500 1609 conscende-

306 1651 385 1709 runt
415 1665 488 1711 cum
520 1645 654 1711 Christo
687 1646 831 1713 domino.
882 1645 969 1712 Nam
1001 1653 1034 1712 ct
1066 1647 1161 1711 nobis
1193 1647 1235 1712 ab
1267 1647 1338 1730 ipso
1370 1645 1500 1712 domiuo

306 1755 519 1834 praeceptum
543 1757 594 1816 est
616 1757 653 1816 ut
676 1756 825 1836 tempore
848 1751 1024 1836 praefinita
1044 1751 1309 1835 perambulemus
1324 1751 1413 1835 ripas
1428 1751 1500 1817 Ior-

306 1854 401 1921 danis
433 1860 466 1920 et
492 1862 637 1942 montes;
668 1861 778 1924 temen
805 1878 872 1922 non
901 1856 1053 1923 omnibus
1076 1863 1275 1941 apparentes
1297 1879 1404 1941 neque
1427 1879 1500 1922 eum

306 1960 456 2026 omnibus
491 1961 664 2046 loquentes
691 1963 755 2028 nisi
783 1962 902 2046 quibus
931 1964 960 2027 ei
988 1961 1161 2046 placuerit.
1205 1962 1251 2027 Et
1273 1961 1369 2027 modo
1394 1984 1500 2046 neque

305 2063 398 2147 loqui
426 2085 533 2148 neque
562 2085 725 2148 apparere
748 2065 841 2131 vobis
868 2066 1089 2149 potuissemus
1117 2066 1180 2131 uisi
1203 2087 1223 2130 a
1246 2067 1364 2148 spiritu
1385 2070 1499 2130 sancto

305 2165 402 2230 nobie
423 2167 619 2249 permissum
641 2167 767 2232 fuisset.

391 2285 603 2352 ³Audientes
629 2291 739 2352 autem
767 2286 850 2353 haec
879 2287 985 2352 omnis
1011 2283 1187 2352 multitudo
1211 2306 1297 2370 quae
1324 2285 1442 2352 aderat
1467 2286 1500 2351 in

305 2389 462 2471 concilio,
489 2389 609 2455 timore
637 2390 807 2473 perterriti
836 2410 874 2455 ao
897 2396 1040 2455 tremore
1064 2388 1271 2454 mirabantur
1294 2389 1322 2453 si
1344 2387 1426 2454 haec
1448 2409 1500 2454 ve·

304 2492 428 2557 raciter
460 2491 549 2558 facta
579 2491 719 2557 fuissent
751 2512 835 2576 quae
867 2492 921 2557 isti
951 2490 1096 2560 Galilaei
1126 2490 1354 2558 testificantur.
1407 2489 1500 2556 Tunc

306 2592 451 2678 Caiphae
473 2600 507 2659 et
521 2595 640 2660 Annas
654 2593 810 2661 dixerunt
832 2595 987 2660 concilio:
1009 2592 1112 2659 Modo
1134 2614 1295 2678 apparere
1317 2593 1420 2659 habet
1440 2614 1501 2678 per

303 2698 415 2763 omnia
437 2717 523 2781 quae
546 2698 602 2763 isti
624 2697 795 2763 testificati
817 2704 910 2782 sunt,
931 2698 1024 2780 prius
1047 2702 1082 2761 et
1102 2697 1281 2780 posterius:
1312 2698 1340 2761 si
1362 2697 1425 2762 hoc
1447 2716 1498 2761 ve-

303 2980 337 3030 ed
359 2981 423 3040 ina,
451 2980 609 3044 manavimus
629 2979 771 3045 manifeste.
812 2977 881 3040 Quor
902 2978 1136 3042 interropaos'musl
1159 2978 1246 3029 Dicite
1261 2978 1334 3028 nolio
1351 3015 1358 3028 .
1375 3018 1382 3031 .
1400 2991 1416 3030 c
1431 2992 1473 3027 om
1493 2975 1498 3044 Ι

303 3083 367 3131 quae
386 3071 424 3116 est
444 3065 472 3130 (a
489 3065 560 3129 aaut)
578 3067 641 3115 loeo
657 3070 743 3115 aalma
761 3064 790 3129 (s
807 3066 855 3114 lae
872 3069 973 3115 animae
990 3070 1015 3116 et
1032 3081 1094 3114 coro
1113 3065 1189 3130 (qnid
1208 3081 1225 3116 n
1244 3065 1342 3116 habent
1361 3080 1415 3115 nou
1433 3067 1501 3116 ntis

303 3152 442 3217 assequor)
465 3179 475 3189 ·
497 3153 612 3218 defuncti
630 3152 726 3218 scotia
751 3190 757 3203 .
779 3188 786 3202 .
812 3152 907 3217 equid
925 3156 963 3202 eet
982 3153 1047 3218 quod
1067 3169 1114 3202 noe
1129 3153 1242 3202 aidanus
1258 3169 1303 3202 noe
1320 3152 1499 3216 corporaliter,

303 3243 411 3290 odontes
427 3258 471 3290 ooo
488 3257 540 3290 eree
558 3240 708 3306 defunctosk

389 3347 413 3394 2.
453 3344 503 3407 Qui
527 3345 554 3406 (c
577 3345 615 3394 at
637 3343 699 3407 ipsi)
725 3371 734 3380 -
757 3344 951 3394 resumemus
978 3345 1006 3406 (c
1030 3345 1084 3394 Nos
1106 3343 1169 3405 rea.)
1187 3371 1197 3380 -
1215 3349 1239 3394 et
1257 3346 1311 3409 ipae
1329 3345 1357 3408 (c
1375 3345 1430 3410 que)
1447 3362 1498 3396 m.

303 3444 350 3478 eoa
368 3429 395 3489 (c
413 3427 467 3492 om)
490 3455 499 3464 ·
523 3429 561 3477 Et
578 3445 609 3477 ex
626 3429 672 3476 leco
694 3427 722 3490 (Δ
742 3429 803 3492 qnia
819 3431 880 3485 loe‚·
905 3429 1004 3479 cheac
1023 3430 1076 3491 om)
1100 3431 1190 3477 sciatis
1208 3429 1236 3490 (c
1254 3430 1306 3478 add
1325 3430 1431 3494 scotres
1448 3455 1457 3465 ·
1475 3433 1500 3478 et

304 3513 462 3563 imbrmm
480 3513 507 3576 (e
526 3512 608 3574 lace)
633 3510 637 3574 Ι
661 3516 686 3560 et
703 3514 803 3561 animae
821 3538 831 3548 ·
849 3529 903 3560 esem
923 3513 981 3561 oar.
1000 3514 1100 3563 domino
1121 3549 1149 3562 ..
1172 3525 1187 3563 c
1206 3528 1256 3575 per
1274 3515 1354 3561 lencm
1374 3513 1499 3563 caricum

304 3597 439 3653 dominam,
458 3600 502 3661 qui
519 3596 659 3659 eupolianit
676 3597 802 3664 infernum
822 3600 846 3644 et
863 3596 918 3644 eiua
932 3597 1074 3660 principem
1092 3596 1222 3659 relipevit.
1242 3595 1246 3659 Ι
1268 3596 1334 3645 Nam
1351 3601 1377 3646 et
1394 3596 1423 3659 (B
1445 3596 1498 3656 om)

303 3684 375 3732 notis
393 3710 402 3720 ·
421 3700 508 3747 praec.
527 3688 564 3731 ert
584 3719 613 3734 ..
634 3696 649 3734 c
667 3685 720 3747 ipae
737 3683 810 3733 nobie
823 3685 956 3748 praecepit
976 3720 1004 3735 ..
1026 3691 1163 3748 praetereo
1181 3697 1216 3735 nu
1234 3684 1285 3733 odd
1305 3685 1348 3749 qui
1364 3700 1410 3733 noe
1427 3700 1444 3733 a
1461 3701 1499 3733 ee·

302 3772 403 3836 pulcris
426 3773 579 3821 resuscitare
596 3771 716 3835 (liquatae
734 3777 771 3821 est
795 3773 799 3836 Ι
820 3771 959 3838 praefinito
978 3808 1007 3822 ..
1028 3783 1141 3835 Bparoo
1166 3771 1170 3836 Ι
1194 3778 1218 3822 et
1240 3777 1336 3823 montes
1354 3809 1383 3824 ..
1402 3785 1454 3825 nuc
1474 3777 1500 3822 et

306 3859 335 3920 (Β
353 3858 414 3920 aea)
437 3860 558 3908 montium
582 3859 609 3921 (c
626 3857 761 3921 mantiles)
788 3859 793 3922 Ι
821 3877 835 3910 e
859 3863 941 3908 tamea
964 3874 1013 3907 aon
1036 3860 1125 3910 emnil.
1144 3859 1325 3924 apparentibus
1347 3864 1384 3910 eet
1402 3860 1498 3909 licitum

305 3963 360 3995 cam
378 3947 518 3996 hominibus
536 3946 606 4011 loqui
623 3948 674 3995 aiei
691 3949 732 3995 cui
749 3946 783 4009 (l)
801 3948 824 3995 ei
840 3947 878 4010 pl.
895 3945 899 4012 Ι
915 3959 931 3996 a
949 3949 1000 3996 aiei
1017 3965 1033 3996 e
1051 3963 1090 3997 aa.
1110 3964 1148 4010 ep.
1164 3949 1284 4012 permissi
1301 3964 1407 3999 essemus

391 4053 415 4099 3.
450 4051 590 4099 Audiealee
607 4049 636 4113 (u
655 4051 730 4111 deae)
750 4056 803 4100 aut.
824 4050 852 4111 (u
872 4048 925 4111 οιιι)
944 4075 954 4086 -
972 4052 1064 4099 oderat
1083 4049 1110 4112 (e
1128 4051 1196 4112 crat)
1216 4067 1273 4099 cum
1293 4063 1326 4102 01³
1345 4086 1374 4100 ..
1395 4067 1412 4102 Δ
1432 4051 1500 4101 stac

305 4136 519 4196 aadientcahaee
540 4138 624 4185 omnia
648 4138 691 4200 qai
712 4141 785 4185 crant
811 4136 816 4200 Ι
843 4136 1020 4185 amireletur
1046 4135 1050 4200 Ι
1076 4137 1203 4185 enacim
1220 4138 1302 4201 facta
1328 4151 1385 4187 curu
1408 4150 1442 4189 Bc
1462 4173 1469 4188 .
1490 4175 1497 4188 .

306 4237 322 4271 Δ
338 4222 419 4285 sacto
441 4237 503 4268 cera
527 4217 532 4281 Ι
556 4225 715 4270 clericatur
739 4219 743 4284 Ι
769 4220 837 4269 iliae
860 4221 906 4280 (ac
924 4219 1003 4282 Mure)
1030 4220 1072 4267 Oa.
1093 4225 1118 4269 el
1136 4224 1225 4269 Annas
1248 4221 1294 4282 (au
1313 4238 1371 4279 ·ao,·
1389 4235 1405 4273 e
1422 4226 1500 4272 Aaou

304 4310 329 4354 et
354 4305 398 4353 (la.
436 4305 509 4353 Infra
534 4305 560 4352 ln
586 4305 646 4353 cdd.
667 4305 744 4353 ruodo
768 4313 810 4354 est
829 4307 930 4362 ,ineram
958 4303 1036 4353 modo
1055 4305 1154 4366 Anna.)
1179 4305 1231 4358 an.
1256 4305 1362 4355 concilio
1386 4305 1415 4368 (n
1437 4322 1500 4367 om;

306 4404 321 4441 t·
340 4392 373 4439 acl
392 4406 462 4438 omne
481 4389 625 4451 concilium)
644 4416 653 4425 -
675 4391 750 4439 habet
768 4407 818 4453 per
836 4407 898 4438 maer.
923 4391 973 4452 (ita
992 4402 1038 4452 ac;
1061 4390 1187 4440 Bhaleat
1204 4391 1298 4453 varaia)
1317 4419 1327 4430 -
1346 4392 1424 4456 Sesiy.
1442 4396 1501 4441 enat

305 4476 333 4536 (B
352 4476 532 4543 testificantur)
553 4493 596 4539 pr.
617 4481 641 4525 et
659 4482 727 4538 posi.
746 4476 774 4539 (Δ
795 4477 916 4539 primitas
938 4481 962 4525 el
982 4481 1085 4539 posteo,
1110 4476 1211 4537 rouo:
1238 4477 1261 4524 ei
1279 4476 1307 4538 (c
1324 4481 1348 4525 ea
1365 4477 1400 4539 cl)
1418 4505 1428 4515 ·
1447 4476 1499 4524 Ka-

305 4565 377 4611 ήκω
403 4562 431 4621 (u
454 4577 540 4617 ·nam,·
569 4560 628 4609 cdd.
654 4562 681 4609 h.
706 4563 725 4611 1.
752 4561 807 4623 Oa.)
835 4566 860 4610 et
883 4560 992 4610 Leucae
1017 4562 1044 4623 (n
1070 4563 1148 4620 -s'am5
1176 4573 1210 4612 nn
1232 4558 1318 4622 Leni.)
1344 4561 1397 4609 cini
1419 4576 1499 4624 perer.

306 4648 336 4710 (a
353 4650 424 4697 oiooa
442 4649 602 4709 inuenissent)
625 4647 651 4695 ia
675 4645 701 4707 (e
719 4646 773 4711 om)
797 4664 879 4710 corp,
906 4651 931 4696 el
954 4649 976 4696 ei
1000 4647 1045 4710 (ac
1063 4647 1118 4710 om)
1142 4663 1188 4696 nor
1210 4646 1238 4709 (Δ
1257 4647 1312 4708 om)
1336 4661 1378 4696 eos
1401 4662 1438 4695 00.
1456 4663 1498 4696 ao.
