3458 5640
266 542 327 605 100
454 539 785 592 renunc-murrum
803 538 1046 589 at'ersuauwu.
1073 539 1148 590 ΟΔΡ.
1167 538 1262 589 xxxl.

262 690 371 772 loqui.
406 688 454 752 Et
475 687 563 751 dixit
582 688 632 751 eis
654 686 769 751 Iesus:
801 685 870 750 Fui
891 687 1062 751 intervos
1085 707 1162 750 cum
1183 685 1395 768 infantibus,
1422 695 1458 751 et

263 812 333 857 non
350 789 560 874 cognovistis
581 809 644 853 me.
675 787 832 854 Locutus
853 808 928 852 sum
943 786 1041 852 vobis
1059 788 1158 871 quasi
1179 808 1256 852 cum
1277 787 1458 871 prudenti·

262 893 343 977 bus,
366 900 400 959 et
421 913 490 958 non
513 890 737 958 intellexistis
753 911 870 958 vocem
887 911 1010 972 meam,
1033 891 1115 974 quia
1129 891 1279 956 minores
1295 910 1349 956 me
1371 892 1457 957 estis

267 1005 303 1064 et
317 996 473 1063 modicae
491 994 583 1061 fidei.

717 1165 838 1233 Oarur
860 1165 1005 1232 XXXI.

351 1305 509 1371 ¹Iterum
531 1306 697 1390 magister
717 1304 873 1389 Zachyas
896 1305 984 1389 legis
1006 1304 1128 1370 doctor
1148 1303 1236 1370 dixit
1262 1303 1306 1370 ad
1327 1303 1457 1390 Ioseph
1494 1372 1500 1384 ,

266 1418 302 1474 et
316 1409 479 1473 Mariam:
510 1406 602 1473 Date
619 1408 703 1473 mihi
720 1427 877 1491 puerum,
899 1414 934 1473 et
951 1428 1014 1491 ego
1032 1405 1163 1472 tradam
1178 1405 1277 1471 illurn
1292 1409 1456 1491 magistro

262 1511 358 1595 Levi,
376 1512 436 1596 qui
447 1509 571 1577 doceat
587 1511 811 1598 eumlitteras
828 1517 864 1576 et
879 1509 1028 1575 erudiat.
1052 1507 1289 1594 TuncIoseph
1300 1516 1336 1575 et
1344 1508 1459 1577 Maria

264 1615 487 1680 blandientes
503 1613 621 1680 Iesum
639 1612 813 1680 duxeruut
834 1614 869 1678 in
893 1613 1045 1695 scholas,
1071 1620 1109 1678 ut
1124 1612 1307 1678 doceretur
1321 1613 1458 1679 litteras

267 1741 287 1785 e
309 1739 392 1785 sene
407 1717 504 1784 Levi.
537 1715 605 1801 Qui
627 1738 703 1783 cum
725 1717 920 1800 introisset,
942 1715 1091 1781 tacebat.
1122 1714 1170 1781 Et
1189 1717 1355 1799 magister
1372 1715 1459 1784 Levi

265 1843 368 1888 unam
384 1820 538 1886 litteram
555 1820 694 1886 dicebat
715 1819 759 1886 ad
775 1818 907 1903 Iesum,
929 1827 965 1885 et
985 1819 1158 1903 incipiens
1179 1811 1461 1903 aprima'littera

264 1924 382 2009 Aleph
407 1924 548 1991 dicebat
572 1924 619 1988 ei:
650 1922 849 2007 Responde.
880 1922 983 1989 Iesus
1008 1930 1123 1989 autem
1149 1922 1289 1988 tacebat
1312 1928 1347 1988 et
1371 1924 1460 1989 nihil

264 2026 509 2110 respondebat.
539 2025 641 2091 Unde
658 2034 865 2108 praeceptor
880 2025 964 2090 chi
980 2027 1090 2090 iratus
1113 2025 1378 2108 apprehendens
1398 2028 1462 2092 vir·

265 2149 343 2212 gam
358 2129 563 2194 storatinam
579 2128 753 2211 percussit
769 2148 847 2191 eum
868 2128 903 2191 in
921 2128 1045 2209 capite.
1093 2128 1104 2161 ¹
1120 2125 1221 2192 Iesus
1241 2134 1357 2192 autern
1373 2127 1463 2193 dixit

267 2229 310 2294 ad
328 2228 543 2295 didascalum
557 2226 658 2293 Levi:
690 2227 740 2294 Ut
755 2229 839 2313 quid
860 2249 913 2293 me
936 2225 1113 2311 percutis?
1144 2227 1347 2293 Inseritate
1370 2230 1461 2294 scias

265 2332 348 2416 quia
371 2331 446 2414 ipse
468 2332 527 2414 qui
549 2331 746 2414 percutitur
766 2332 874 2416 magis
898 2330 1001 2396 docet
1020 2331 1275 2414 percutientem
1297 2350 1334 2395 se
1357 2351 1461 2414 quam

264 2433 307 2499 ab
331 2454 370 2498 eo
391 2433 567 2498 doceatur.
604 2432 679 2517 Ego
703 2433 795 2498 enim
816 2439 850 2498 te
871 2453 1012 2516 possum
1029 2431 1153 2497 docere
1171 2438 1259 2514 q'uee
1282 2452 1303 2498 a
1323 2437 1357 2498 te
1382 2434 1459 2516 ipso

264 2536 438 2602 dicuntur.
484 2533 553 2602 Sed
578 2534 615 2599 hi
640 2557 758 2602 omnes
784 2536 879 2601 caeci
904 2541 986 2600 sunt
1010 2535 1070 2619 qui
1096 2534 1218 2599 dicunt
1242 2539 1276 2599 et
1300 2533 1460 2618 audiunt,

265 2641 365 2725 quasi
386 2661 445 2706 aes
467 2660 594 2706 sonans
620 2647 681 2705 aut
703 2639 888 2705 cimbalum
912 2639 1081 2721 tinniens,
1108 2638 1143 2703 in
1166 2638 1293 2722 quibus
1315 2659 1384 2704 uon
1406 2647 1462 2705 est

263 2764 386 2810 sensus
404 2763 522 2809 eorum
540 2763 627 2828 quae
650 2742 900 2829 intelliguntur
914 2764 977 2826 per
993 2763 1116 2809 sonum
1133 2741 1281 2807 illorum.
1316 2740 1364 2807 Et
1380 2741 1461 2808 sub·

263 2846 411 2930 iungens
429 2845 530 2912 Iesus
552 2845 641 2911 dixit
655 2844 832 2930 Zachyae:
864 2844 985 2913 Omnis
1009 2846 1128 2912 littera
1148 2847 1189 2912 ab
1207 2845 1324 2930 Aleph
1345 2867 1458 2930 usque

264 2949 307 3015 ad
324 2948 422 3013 Thau
446 2948 676 3031 dispositione
700 2949 920 3016 discernitur.
951 2948 1020 3015 Dic
1041 2970 1123 3034 ergo
1146 2955 1183 3015 tu
1205 2950 1353 3033 primum
1374 2949 1460 3034 quid

264 3130 319 3178 Aut
330 3143 435 3192 ’παρῆκε
446 3132 484 3176 est
494 3129 523 3174 ut
534 3126 603 3184 deus,
622 3130 667 3175 aut
679 3127 783 3191 aupetur
795 3129 837 3177 del
848 3128 961 3192 loquitur
973 3128 999 3176 iu
1012 3145 1048 3176 eo.
1069 3125 1122 3190 (cf.
1135 3126 1228 3188 xxxl,
1246 3126 1282 3190 ³.)
1310 3126 1377 3175 llere
1389 3126 1461 3177 Iesus

266 3215 334 3265 dixit
345 3214 395 3264 eir:
423 3212 490 3276 Quia
501 3213 592 3263 uidetis
603 3229 641 3262 me
652 3214 784 3280 insontem,
797 3215 840 3279 qut
851 3215 921 3262 diat.-
946 3214 1005 3264 Scio
1018 3214 1117 3279 querceto
1130 3214 1272 3271 euticetis,
1289 3215 1460 3262 ourueuuu'ra·

267 3301 338 3360 miei,
350 3316 400 3351 nou
411 3298 582 3363 iutetlu'peuteu
592 3315 674 3348 uocem
686 3317 771 3349 urucam.
797 3301 888 3349 Adduo
900 3300 1028 3364 orruptiora
1040 3301 1097 3350 diro
1109 3299 1186 3358 codis,
1198 3304 1226 3348 ut
1237 3300 1318 3364 strapis
1330 3301 1459 3349 surtreuu'ur'.

267 3389 356 3438 Omnes
365 3389 473 3438 minores
484 3388 544 3436 estio
553 3404 604 3436 me:
616 3403 660 3451 epo
673 3404 727 3436 curru
738 3387 952 3453 exaltatucsuero
966 3406 981 3437 o
992 3393 1072 3446 terro,
1083 3389 1184 3452 pencris
1192 3388 1240 3436 met
1250 3387 1360 3452 (repone
1370 3391 1459 3449 vestri)

256 3475 360 3538 sactum
369 3490 468 3523 cessare
479 3474 632 3522 mentionem.
652 3474 743 3522 Iudaei
755 3479 837 3523 autem
850 3476 893 3539 qui
905 3474 1024 3524 astabant
1036 3471 1090 3537 [et]
1104 3474 1241 3523 audiebant
1252 3490 1387 3522 retractem
1398 3477 1460 3531 eius,

264 3561 353 3608 mirati
361 3563 418 3608 suut
427 3559 551 3608 dieentes:
572 3558 647 3608 Tales
655 3575 780 3607 ammones
788 3576 913 3623 uunquam
925 3559 1065 3608 audieiruur
1075 3559 1162 3622 quoles
1175 3558 1274 3607 lucretur
1285 3564 1322 3607 est
1334 3560 1381 3607 isle
1386 3575 1459 3621 puer.

333 3643 426 3701 xxxl,
447 3647 469 3692 1.
494 3658 512 3692 1>
526 3644 577 3692 sic:
596 3643 693 3692 Itanum
710 3645 831 3708 magister
843 3644 951 3693 lacteae
963 3645 1030 3694 dixit
1046 3645 1080 3693 ad
1092 3644 1199 3705 Ioseph:
1222 3643 1265 3692 Du
1281 3645 1340 3692 auriti
1354 3660 1460 3707 puerum

265 3735 290 3780 et
302 3747 346 3795 epo
359 3734 392 3779 tr.
405 3745 459 3778 eum
471 3754 479 3765 ·
492 3729 582 3778 doceat
598 3728 671 3778 illum
683 3729 785 3796 litteras
798 3755 806 3766 ·
819 3731 945 3779 duxeruut
957 3746 1011 3779 eum
1028 3731 1053 3778 iu
1065 3730 1160 3780 scolam
1172 3735 1200 3778 ut
1212 3730 1352 3778 disceretur
1365 3728 1428 3793 (sic)
1443 3748 1459 3778 a

264 3817 362 3866 neuim
374 3814 437 3864 Leur'
450 3841 458 3852 ·
471 3832 487 3864 o
496 3816 573 3877 prim.
588 3814 677 3864 littero
695 3816 773 3878 alpha
786 3842 794 3853 ·
808 3816 880 3865 Iesus
891 3832 949 3865 uero
967 3817 1032 3865 nihil
1049 3816 1223 3879 respondebat.
1258 3816 1328 3866 Unde
1339 3819 1460 3881 uoluptates·

266 3901 330 3951 Luci
343 3928 350 3937 ·
363 3918 417 3950 eum
430 3903 521 3964 capitu.

334 3991 358 4036 2.
377 3987 435 4050 Epo
447 3989 511 4036 euim
523 3993 547 4037 te
555 4002 658 4049 possum
669 3989 758 4036 docere
772 3994 828 4037 etc:
849 3989 883 4038 cl'.
896 4001 913 4034 Β
932 3989 965 4037 nd
979 3989 1057 4044 XXX,
1070 3994 1094 4037 t.
1109 3989 1113 4052 Ι
1130 3990 1213 4037 rrae.-
1231 3991 1269 4039 ita
1283 4007 1340 4039 cunr
1353 4004 1371 4038 1>
1385 3991 1458 4039 dedi·

265 4091 333 4132 mue,
344 4075 415 4138 quod
428 4080 580 4139 corruptum
594 4076 673 4125 etium
687 4088 703 4122 u
718 4076 841 4138 praebet·
860 4089 876 4123 Δ
893 4076 954 4124 ruet
966 4077 1055 4124 habet.
1082 4077 1149 4125 ltern
1163 4083 1233 4141 post.
1248 4075 1252 4141 Ι
1267 4077 1335 4124 caeci
1346 4080 1404 4123 suut
1416 4078 1460 4139 qut

264 4160 367 4208 dicunt.-
390 4173 408 4208 u
420 4160 520 4208 diemout
538 4161 685 4224 predicunt
699 4158 821 4226 {possunt
838 4175 868 4208 ex
887 4173 906 4208 1>
924 4161 1095 4223 sumpsimus,
1114 4175 1130 4209 Δ
1148 4177 1189 4209 om
1202 4158 1206 4225 Ι
1219 4162 1344 4224 predatur
1362 4160 1459 4222 (codex

266 4244 356 4308 potine
371 4248 530 4306 proteratur)
550 4244 683 4292 eubacutos
701 4254 758 4293 ete:
784 4246 818 4291 cf.
838 4246 910 4292 locos
930 4247 1050 4308 geminos
1069 4247 1095 4293 iu
1116 4245 1223 4294 Graecia
1242 4245 1347 4308 (evarrg.
1365 4245 1457 4293 Thom.

265 4326 358 4377 Graec.
372 4329 401 4375 Α.
414 4327 459 4384 Vl,
472 4327 508 4387 4.)
522 4336 550 4377 et
562 4327 681 4387 Latiam
696 4329 759 4377 item
773 4343 840 4391 queo
853 4329 935 4378 codex
949 4343 967 4377 ο
981 4329 1100 4392 praebet.

336 4410 380 4462 Sic
394 4428 425 4463 a:
445 4414 517 4462 Iesus
528 4431 586 4464 uero
598 4415 650 4463 dtu.
670 4415 704 4463 ad
715 4413 888 4464 didascalum.-
912 4414 945 4464 Ut
958 4415 1018 4479 quid
1032 4441 1039 4451 ·
1054 4417 1112 4479 prata
1126 4417 1169 4480 qui
1183 4417 1326 4478 percutitur
1339 4429 1459 4477 -pomm

264 4501 349 4551 du'eere
361 4500 408 4549 stoi
416 4517 480 4566 puae
492 4517 508 4549 u
520 4504 544 4550 te
553 4502 685 4551 discuntur
697 4527 706 4538 ·
720 4503 788 4550 uacet
800 4498 910 4566 suutjqui
919 4502 1019 4551 discutit
1031 4507 1056 4552 et
1068 4504 1136 4561 aud,
1149 4507 1206 4552 runt
1218 4503 1291 4567 qucuu'
1303 4528 1311 4538 ·
1324 4506 1363 4552 eet
1372 4517 1460 4551 seusus

264 4604 310 4638 uec
320 4585 464 4637 intellectus
476 4603 560 4638 eorum
572 4614 581 4626 ·
594 4587 665 4638 Iesus
676 4587 744 4637 dixit
754 4588 891 4652 uuupiutro:
917 4588 1003 4639 Omuu'r
1021 4589 1109 4639 littera
1126 4589 1156 4638 ud
1175 4588 1253 4653 utplus
1268 4605 1345 4654 usque
1363 4589 1398 4637 ud
1414 4593 1459 4639 teu

265 4674 316 4739 (sic
336 4675 386 4724 hoc
403 4675 478 4735 loeo,
497 4681 592 4738 postca
604 4678 729 4740 corrupte
742 4677 799 4737 rou)
818 4701 826 4712 ·
844 4676 895 4725 Die
906 4676 967 4724 mili
978 4692 1038 4740 erpo
1047 4677 1154 4740 primum
1168 4681 1194 4725 tu
1213 4702 1221 4713 ·
1239 4676 1299 4741 quit
1311 4676 1346 4725 uu't
1357 4674 1458 4738 utplu-
