3458 5640
285 598 362 643 xnn
431 595 432 599 ’
748 575 1020 632 PROthOMhNA.

288 728 456 795 doctrinae
480 749 558 793 suae
580 729 670 792 virus
693 727 728 792 in
751 749 824 793 eam
847 730 1015 811 regionem
1038 729 1228 810 evomuisse,
1250 729 1339 810 quod
1359 731 1483 812 gravis-

287 841 389 906 simus
405 844 521 905 auctor
536 837 764 903 Theodoretus
780 837 835 903 lib.
849 843 874 902 l.
889 839 1012 903 haeret
1029 837 1164 904 fabular.
1180 859 1250 922 cap.
1260 841 1310 904 26.
1323 839 1483 922 scriptum

286 951 436 1034 reliquit:
458 952 570 1033 itaque
588 948 675 1014 haud
690 970 788 1033 aegre
804 948 992 1015 adducebar
1008 955 1045 1014 ut
1061 949 1227 1016 crederem
1243 950 1333 1016 facili
1347 952 1482 1033 negotio

286 1061 584 1128 Manichaeismum
606 1061 642 1125 in
663 1060 819 1127 Tibetum
842 1062 988 1144 irrepere
1011 1063 1185 1144 potuisse.“
1199 1099 1238 1112 ··
1260 1061 1354 1147 „Quo
1377 1064 1483 1145 magis

286 1194 363 1239 vero
386 1194 479 1238 suern
501 1173 647 1239 illustret
669 1174 719 1238 vir
742 1172 866 1239 clariss.
882 1180 984 1257 atque
1000 1173 1172 1240 confirmet
1186 1176 1380 1258 opinionem,
1403 1196 1481 1258 apo-

287 1284 447 1368 cryphum
470 1283 632 1366 quendam
661 1283 808 1349 libellum
836 1285 968 1367 saepius
991 1285 1073 1349 citat
1095 1286 1152 1367 qui
1173 1284 1319 1351 Thomae
1343 1307 1482 1369 evange·

285 1395 366 1459 lium
389 1400 446 1458 aut
465 1393 504 1459 de
527 1394 668 1459 infantia
684 1392 868 1459 Salvatoris
883 1394 979 1477 vulgo
1002 1395 1207 1459 inscribitur:
1230 1417 1270 1460 ao
1283 1397 1481 1478 praecipuas

286 1502 456 1568 fabulosae
484 1501 631 1568 Manetis
660 1504 747 1568 ritae
778 1503 1004 1585 historiaeque
1034 1503 1188 1586 periodos
1219 1525 1336 1588 resque
1368 1505 1409 1570 ab
1442 1526 1480 1569 eo

285 1620 395 1698 gestas
424 1637 464 1681 ex
492 1614 727 1680 commentitiis
749 1616 836 1680 ritae
860 1612 1047 1680 Servetoris
1075 1618 1195 1682 nostris
1216 1616 1359 1699 periodis
1382 1621 1481 1699 atque

285 1726 460 1811 prodigiis,
488 1747 574 1810 quae
600 1727 635 1792 in
662 1726 912 1793 mendacissimo
937 1748 974 1793 eo
997 1727 1109 1793 libello
1133 1727 1376 1811 describuntur,
1405 1750 1481 1795 oon·

284 1839 380 1907 fictas
403 1861 475 1907 esse
498 1841 693 1926 suspicatur.
735 1840 831 1906 Haec
847 1841 923 1906 dum
943 1841 977 1906 in
994 1841 1139 1926 Georgio
1154 1842 1306 1926 legerem,
1329 1841 1482 1908 dolebam

285 1954 397 2038 graeci
417 1953 516 2031 illius
547 1953 834 2038 pseudoevangelii
867 1954 1086 2038 fragmentum
1114 1954 1274 2021 duntaxat
1304 1956 1392 2040 typis
1421 1956 1482 2021 im-

168 2091 170 2096 ·
285 2077 436 2148 pressum
471 2066 631 2131 hactenns
667 2065 844 2149 prodiisse:
883 2065 971 2147 quod
1000 2066 1144 2130 riderem
1179 2088 1219 2131 ex
1249 2067 1350 2149 impio
1381 2067 1482 2131 etiam

285 2175 398 2242 libello
422 2176 602 2241 utilitatem
625 2175 768 2258 aliquam
791 2183 960 2258 tamquam
983 2176 1166 2241 antidotum
1187 2199 1227 2241 ex
1244 2198 1369 2243 veneno
1387 2198 1482 2260 posse

287 2286 473 2370 comparari
493 2323 532 2336 -·
553 2285 654 2351 habet
675 2287 820 2369 aliquam
843 2288 1043 2370 ineptiarum
1065 2308 1196 2371 quoque
1218 2287 1316 2352 lectio
1341 2286 1481 2354 delecta·

286 2398 408 2464 tionem
437 2399 464 2463 si
491 2404 640 2463 vetustae
669 2400 736 2463 sint
754 2405 797 2463 et
823 2404 969 2463 veterum
993 2404 1125 2481 patrum
1148 2376 1357 2465 execiatione
1381 2399 1480 2491 famo-

286 2530 341 2576 sae
363 2508 522 2574 --Hanc
544 2510 645 2593 igitur
667 2511 774 2592 ipsam
796 2508 960 2575 duntaxat
980 2509 1160 2575 utilitatem
1180 2509 1481 2593 quantulacumque

286 2626 338 2687 est
358 2641 439 2705 prae
462 2620 565 2687 oculis
588 2623 713 2705 etipse
736 2621 861 2686 habens
884 2621 965 2687 illud
988 2643 1075 2687 nunc
1097 2622 1263 2706 integrum
1286 2620 1360 2705 edo,
1383 2623 1480 2705 quale

285 2739 393 2799 exstat
413 2734 448 2797 in
472 2733 575 2799 chart.
592 2732 660 2798 cod.
677 2753 733 2797 ms.
757 2754 819 2798 sec.
836 2733 915 2801 XV.
934 2755 1031 2816 quem
1053 2732 1175 2800 aOlar.
1191 2731 1275 2801 Viro
1296 2732 1345 2799 Io.
1363 2733 1480 2818 Chrys.

284 2843 485 2909 'Prombellio
509 2842 645 2908 Abbate
667 2843 866 2926 Ergenerali
890 2851 1036 2927 emptum
1064 2853 1174 2909 servat
1201 2849 1315 2910 nostra
1338 2843 1370 2911 S.
1391 2843 1480 2910 Salv.

285 2953 456 3020 Bononiae
480 2953 708 3020 bibliotheca.“
751 2955 834 3020 Post
856 2955 937 3021 haec
959 2956 1055 3038 plura
1077 2955 1248 3042 praefatur
1270 2957 1310 3021 de
1331 2962 1480 3022 veterum

284 3066 483 3133 testimoniis
505 3067 681 3132 maximam
703 3074 831 3150 partem
854 3090 894 3133 ex
911 3067 1066 3134 Fabricio
1089 3075 1249 3152 repetens.
1293 3068 1378 3134 Turn
1399 3068 1480 3134 duos

287 3177 368 3244 dicit
389 3176 637 3261 distinguendos
666 3200 737 3245 esse
759 3179 876 3261 libros,
905 3181 1112 3265 evangelium
1134 3179 1280 3247 Thomae
1304 3189 1337 3247 et
1359 3181 1480 3246 librum

285 3289 326 3355 de
348 3289 489 3355 infantia
511 3289 704 3374 Salvatoris,
728 3289 856 3359 Gelasii
879 3298 912 3356 et
934 3291 1101 3358 Timothei
1121 3293 1480 3377 constantinopolitani

240 3488 244 3499 '
285 3401 486 3467 auctoritate
514 3401 671 3469 adhibita.
713 3402 882 3486 Denique,
911 3404 1044 3487 explosa
1065 3403 1266 3470 Bellosobrii
1291 3406 1481 3471 testimonia

284 3516 419 3596 patrum
441 3512 665 3597 impugnantis
689 3512 937 3597 ,‚impudentia“,
964 3536 1030 3579 non
1053 3514 1184 3580 dubitat
1211 3517 1310 3598 „quin
1334 3516 1479 3580 eiusdem

284 3622 375 3689 tituli
396 3628 497 3707 atque
519 3622 600 3690 adeo
624 3623 768 3690 eiusdem
791 3626 977 3708 argumenti
998 3626 1217 3709 evangehum,
1245 3626 1344 3709 idque
1367 3647 1480 3692 secun·

235 3817 242 3833 „
285 3733 362 3800 dum
377 3734 542 3802 'rhomam
564 3743 797 3821 nuncupatum,
820 3758 921 3822 quum
941 3735 1100 3803 Marcosii
1121 3738 1307 3821 habuerint,
1329 3747 1399 3804 turn
1421 3739 1479 3804 fin·

284 3848 394 3913 xerint
415 3846 631 3914 Manichaei.“
675 3848 850 3915 Concludit
878 3854 988 3915 autem
1012 3851 1240 3932 quaestionem
1267 3850 1332 3916 his:
1363 3851 1480 3938 „Quod
1529 3908 1531 3911 ,

285 3959 314 4022 si
337 3961 411 4042 quis
439 3981 479 4025 ex
505 3981 557 4025 me
580 3969 733 4044 quaerat,
761 3960 1045 4027 Marcosiorumne
1072 3982 1115 4028 an
1137 3961 1412 4028 Manichaeorum
1436 3966 1480 4028 sit

284 4070 375 4154 quod
403 4092 489 4136 nuno
518 4070 592 4152 edo,
624 4071 705 4136 nihil
735 4074 841 4137 ausim
871 4073 1023 4156 equidem
1054 4074 1136 4138 certi
1168 4077 1322 4138 statuere.
1368 4073 1478 4158 Quum

284 4186 395 4246 tamen
423 4184 572 4245 nostrum
600 4181 662 4246 hoc
685 4188 718 4246 et
740 4181 887 4247 Thomae
910 4203 1029 4247 nomen
1051 4183 1094 4247 ab
1119 4181 1263 4263 Origene
1287 4204 1480 4249 commemo·

282 4294 400 4364 ratum,
420 4290 601 4371 praeferat,
634 4298 667 4356 et
696 4291 850 4356 fabellam
878 4292 918 4356 ab
945 4291 1086 4355 Irenaeo
1114 4291 1279 4373 prolatam
1308 4292 1347 4356 de
1376 4315 1478 4375 puero

282 4398 361 4465 Iesu
387 4398 517 4465 litteras
545 4421 679 4482 graecas
702 4400 846 4467 discente
872 4402 1010 4480 habeat,
1038 4423 1103 4466 non
1127 4422 1202 4465 vero
1227 4401 1415 4484 hebraicas,
1442 4411 1480 4467 ut

282 4492 334 4576 est
355 4510 390 4574 in
412 4509 598 4594 fragmento
623 4509 844 4593 Ooteleriano,
866 4518 1018 4577 nostrum
1041 4513 1104 4577 hoc
1126 4513 1235 4595 potius
1258 4533 1358 4596 quarn
1381 4512 1478 4579 Cote-

280 4620 443 4688 lerianum
469 4621 688 4707 fragmentum
709 4623 892 4707 respexisse
915 4623 1100 4708 putaverim
1121 4624 1324 4690 Irenaeu'm.“
1369 4624 1479 4711 Quam
