3458 5640
725 615 997 668 Psotneouuuh.
1367 629 1467 676 nxvn
1582 671 1586 686 ι

263 787 323 852 gus
352 766 499 834 debetur.
543 766 640 833 Haec
671 789 738 833 non
769 767 818 833 ita
848 767 952 833 multo
984 767 1150 851 posterior
1182 788 1222 834 ee
1252 771 1362 834 aetate
1394 786 1465 833 esse

264 880 392 948 videtur
421 903 487 966 qua
519 881 737 966 archetypum
767 880 959 948 hebraicum
990 887 1159 965 repertum
1187 884 1221 946 et
1250 880 1284 945 in
1312 901 1466 965 graecum

264 995 461 1060 translatum
485 995 616 1079 inipso
639 994 778 1078 prologo
802 992 945 1077 tlngitur.
976 993 1139 1077 Alioquin
1161 992 1254 1058 nulle
1276 1014 1394 1059 caussa
1416 998 1467 1059 est

264 1127 322 1168 cur
349 1106 412 1172 hoc
440 1106 649 1190 potissimum
674 1106 717 1171 sit
739 1110 869 1188 tempus
891 1104 1046 1187 positum.
1089 1103 1131 1168 In
1155 1126 1365 1171 numerorum
1388 1125 1465 1170 vero

264 1215 320 1297 qui
349 1222 492 1280 aetatem
519 1216 709 1298 significant
730 1216 892 1282 varietate
915 1220 1015 1296 atque
1043 1215 1260 1297 ambiguitate
1288 1214 1465 1280 tenendum

265 1329 346 1407 puto
369 1324 433 1388 hoc
447 1326 535 1406 quod
559 1325 844 1408 septimodecimo
867 1346 954 1389 anno
970 1323 1150 1390 Theodosii
1165 1323 1214 1403 II,
1237 1342 1334 1406 quem
1353 1327 1465 1388 textus

266 1440 298 1499 et
320 1454 457 1517 graecus
481 1440 515 1499 et
537 1441 655 1517 coptus
678 1435 789 1515 refert,
812 1435 916 1500 latino
932 1435 1002 1500 sere
1020 1455 1086 1499 non
1103 1433 1327 1514 dissentiente,
1341 1432 1464 1499 Velen-

266 1545 430 1609 tinisnum
452 1544 521 1611 III.
549 1545 582 1610 in
612 1546 804 1612 societatem
832 1546 925 1629 regni
954 1545 1119 1610 adscitum
1146 1544 1297 1610 historici
1319 1543 1465 1609 tradunt.

266 1655 355 1721 Hinc
377 1657 469 1723 brevi
491 1661 569 1740 post
591 1679 713 1723 annum
736 1657 860 1723 Christi
883 1661 955 1723 424.
979 1657 1173 1723 retractatio
1197 1655 1254 1722 illa
1276 1656 1384 1722 locum
1406 1655 1464 1721 ha·

264 1767 375 1834 buisse
398 1768 537 1835 ridetur.
628 1801 631 1807 ·

350 1879 425 1945 Iam
447 1881 562 1964 paucis
586 1880 631 1946 de
660 1881 790 1946 altera
817 1878 1018 1963 evangelii
1041 1878 1250 1945 Nicodemi
1277 1883 1393 1962 parte
1416 1876 1463 1943 di·

267 2012 390 2057 camus.
422 1991 587 2060 Versatur
610 1991 644 2057 in
668 2012 706 2057 eo
729 1996 767 2055 ut
788 1990 899 2056 tradat
920 1989 1063 2057 filiorum
1080 1988 1253 2073 Symeonis
1275 1989 1464 2056 testimonia
1522 2027 1524 2030 <

269 2109 308 2169 de
324 2101 448 2171 Christi
471 2103 569 2169 rebus
592 2102 679 2187 apud
701 2102 823 2170 inferos
846 2104 956 2188 gestis.
987 2102 1070 2171 Cum
1086 2102 1189 2168 Pilati
1209 2102 1291 2169 actis
1308 2102 1465 2169 cohaeret

267 2217 314 2283 ita
341 2221 379 2282 ut
407 2217 631 2284 testimonium
655 2216 742 2302 quod
766 2217 800 2283 in
828 2215 880 2283 his
903 2223 954 2284 est
978 2217 1018 2284 de
1041 2216 1174 2285 Christo
1198 2237 1238 2283 ex
1260 2217 1399 2283 mortuis
1422 2213 1464 2282 ad

269 2329 357 2397 viros
381 2351 511 2397 reverso
540 2353 606 2397 non
628 2330 726 2397 modo
754 2330 927 2398 confirmet
948 2331 1005 2397 sed
1028 2331 1128 2397 etiem
1151 2330 1321 2413 compleat
1366 2326 1464 2413 Quod

266 2442 393 2510 duobus
421 2442 525 2510 modis
552 2444 604 2527 fit,
633 2466 734 2528 quum
758 2443 846 2527 quod
870 2442 1039 2510 Christum
1067 2464 1134 2509 non
1162 2441 1268 2508 solum
1295 2441 1402 2524 ipsum
1426 2441 1462 2505 in

265 2555 364 2620 sitnm
387 2555 512 2622 redisse
535 2578 649 2623 rernm
673 2558 774 2623 etism
797 2557 880 2624 alios
903 2577 1014 2622 secum
1036 2556 1070 2621 in
1093 2555 1193 2621 vitam
1216 2574 1387 2620 revocasse
1405 2552 1462 2619 do·

266 2673 330 2750 cet,
358 2672 427 2732 tum
457 2667 547 2750 quod
575 2668 666 2734 illum
695 2671 807 2735 statim
835 2674 1012 2752 postquam
1041 2667 1184 2733 animem
1211 2667 1246 2730 in
1274 2686 1370 2731 cruce
1394 2664 1461 2731 edi-

265 2777 364 2844 disset
389 2780 554 2846 mirebilia
577 2780 664 2864 apud
686 2780 812 2845 inferos
834 2780 975 2863 gessisse
997 2784 1120 2845 narret
1164 2777 1262 2863 Quod
1282 2782 1458 2860 utrumque

266 2911 364 2972 quum
393 2890 594 2957 Iudaeorum
623 2891 857 2974 christologise
886 2912 970 2974 quae
998 2890 1085 2956 circa
1111 2889 1189 2956 Iesu
1217 2893 1359 2955 aetatem
1387 2895 1460 2954 erat

263 3023 397 3084 prorsus
427 3005 623 3070 conveniens
650 3003 742 3088 sith,
775 3006 808 3068 et
830 3002 1106 3068 resurrectionem
1128 3002 1270 3085 primam
1297 3003 1460 3066 iustorum

265 3119 297 3179 et
328 3114 521 3180 descensum
553 3115 699 3181 Messias
732 3114 773 3179 ad
804 3114 929 3180 inferos
960 3114 1103 3196 docenti,
1135 3113 1231 3179 facile
1262 3113 1460 3197 intelligitur

265 3225 438 3290 eonsilium
461 3226 606 3292 auctoris
628 3226 731 3292 libelli
752 3247 818 3290 non
833 3227 883 3290 ita
897 3226 1061 3291 diversum
1076 3225 1118 3289 ab
1134 3225 1217 3289 sctis
1232 3223 1333 3289 Pilati
1350 3224 1460 3289 luisse.

263 3334 351 3399 Nam
367 3336 469 3401 etiam
484 3337 536 3401 his
552 3337 650 3402 rebus
667 3336 834 3403 Christum
851 3335 1050 3400 satisfecisse
1067 3334 1267 3401 Iudaeorum
1283 3334 1322 3399 de
1334 3334 1461 3400 Messia

264 3465 322 3510 suo
346 3446 584 3528 exspectationi
607 3445 785 3528 populares
808 3466 884 3509 suos
903 3445 1051 3510 docebat.
1089 3445 1186 3530 Quqd
1203 3449 1407 3527 quantopere
1425 3445 1460 3509 in

262 3554 296 3619 in
318 3556 424 3639 ipsam
448 3559 591 3621 aetatem
615 3556 832 3638 apostolicam
857 3556 1011 3638 quadret,
1040 3577 1081 3622 ne
1110 3561 1203 3621 extra
1231 3576 1400 3622 sacrorum
1422 3554 1459 3620 li·

265 3667 395 3733 brorum
419 3669 577 3734 terminos
599 3667 815 3751 egrediamur,
842 3668 1004 3751 probatur
1027 3668 1108 3734 locis
1131 3667 1253 3733 Matth.
1275 3671 1326 3750 27,
1349 3669 1389 3732 52
1412 3690 1459 3752 sq.

262 3779 346 3863 Eph.
371 3784 404 3864 4,
426 3782 446 3845 8
470 3801 517 3863 sq.
566 3783 579 3844 l
605 3780 696 3845 Petr.
720 3782 753 3862 3,
780 3783 817 3846 18
841 3803 902 3864 sq,
932 3802 1086 3863 quorum,
1114 3780 1228 3846 addito
1251 3780 1363 3846 Lucae
1387 3781 1459 3846 loco

262 3895 316 3974 23,
338 3895 402 3974 43,
431 3891 513 3958 haec
535 3896 608 3959 tote
629 3891 773 3958 filiorum
797 3891 971 3976 Symeonis
996 3892 1138 3958 historia
1164 3883 1459 3958 luculentissimum

262 4005 533 4070 commentarium
557 4005 699 4070 exhibet.

347 4115 528 4200 Quaerenti
557 4117 688 4202 quando
718 4122 751 4182 et
779 4138 799 4181 a
826 4137 969 4199 quonum
997 4116 1130 4182 libellus
1158 4115 1221 4181 iste
1252 4115 1459 4199 conscriptus

206 4220 209 4225 ’
262 4228 324 4313 sit,
365 4230 629 4297 coniecturarum
674 4251 808 4314 campus
844 4228 1007 4295 latissime
1043 4233 1145 4313 putet.
1204 4227 1394 4295 Sermonem
1431 4229 1459 4293 si
1529 4263 1534 4274 =

263 4347 406 4425 spectas,
437 4365 511 4408 men
534 4342 665 4426 quidem
695 4343 860 4408 sententia
888 4340 970 4406 nihil
999 4341 1159 4424 estquod
1188 4341 1349 4424 originem
1377 4341 1459 4406 actis

262 4452 366 4526 Pilati¹
387 4459 445 4518 aut
460 4453 576 4519 Iacobi
600 4455 772 4538 evangelio
791 4454 1009 4537 posteriorem
1034 4453 1161 4535 probet.
1206 4452 1361 4518 Ideerum
1381 4473 1458 4518 vero

351 4705 371 4771 1)
392 4707 432 4759 cf.
451 4708 610 4758 Bartholdt:
638 4709 810 4772 cururozoyia
829 4709 981 4758 Iudaeorum
1000 4713 1052 4759 etc.
1074 4706 1102 4770 §5
1121 4709 1155 4758 ³4
1173 4712 1201 4757 et
1219 4709 1260 4758 35.

608 4818 611 4822 ›
1130 4805 1246 4858 conseq
