3458 5640
361 607 592 658 svenosmum
610 604 800 657 messurus
819 602 1010 655 susslcuu.
1039 601 1187 654 XXXVIII·
1207 601 1324 652 XXXIX.
1343 557 1355 579 ο
1380 598 1441 662 201

242 757 420 824 habebant
440 762 557 822 autem
579 756 616 821 in
639 754 777 822 officina
796 752 872 819 eius
889 751 1016 818 multos
1033 771 1184 835 pannos,
1207 771 1295 835 quos
1317 749 1445 816 tinctu·

243 883 301 928 rus
323 867 407 928 erat.
443 859 630 946 Ingressus
651 858 760 945 igitur
783 857 943 924 dominus
964 854 1067 923 Iesus
1090 854 1260 921 officinam
1283 852 1444 920 tinctoris

242 988 374 1052 pannos
395 967 498 1032 hosce
520 966 701 1031 universos
725 963 850 1031 sumsit
874 966 909 1027 et
932 962 968 1026 in
995 981 1118 1044 cupam
1139 959 1301 1027 caeruleo
1324 958 1442 1024 indico

242 1071 379 1154 plenam
396 1071 556 1136 coniecit.
594 1067 711 1136 Salem
729 1089 806 1134 cum
821 1068 976 1134 venisset
996 1085 1202 1150 pannosque
1225 1064 1381 1149 perditos
1397 1062 1445 1128 vi·

243 1173 361 1256 disset,
382 1194 464 1240 voce
484 1173 633 1238 maxima
649 1172 798 1238 clamare
816 1171 933 1254 coepit
949 1176 984 1235 et
1002 1169 1179 1236 dominum
1194 1166 1312 1234 Iesum
1329 1167 1444 1233 obiur-

242 1297 332 1362 gare,
351 1276 485 1342 dicens:
505 1275 599 1359 Quid
615 1275 732 1341 fecisti
747 1273 843 1355 mihi,
861 1294 879 1338 o
896 1272 946 1337 fili
962 1269 1119 1337 Mariae?
1139 1270 1198 1337 Me
1215 1271 1307 1354 apud
1324 1291 1443 1336 omnes

242 1380 434 1463 oppidanos
451 1378 615 1443 infamem
635 1376 836 1444 reddidisti:
861 1376 1014 1459 quilibet
1033 1375 1125 1441 enim
1142 1367 1357 1440 commodum
1374 1371 1443 1437 sibi

244 1482 390 1547 colorem
412 1481 537 1566 voluit,
564 1487 601 1546 tu
623 1502 703 1547 sero
730 1500 807 1545 cum
829 1478 984 1544 venisses
1007 1479 1123 1544 omnis
1143 1477 1340 1561 perdidisti.
1377 1477 1443 1543 Re·

244 1585 384 1669 spondit
406 1584 566 1650 dominus
584 1583 698 1650 Iesus:
732 1579 992 1666 Cuiuscumque
1014 1581 1122 1665 panni
1145 1581 1295 1648 colorem
1317 1579 1443 1646 mutari

241 1688 402 1771 volueris,
420 1688 512 1755 hunc
532 1710 595 1775 ego
611 1688 677 1755 tibi
693 1687 850 1768 mutabo,
871 1687 1059 1771 statimque
1075 1705 1209 1771 pannos
1226 1706 1267 1751 ex
1284 1705 1373 1770 cupa
1389 1705 1444 1751 ex·

243 1793 380 1860 trahere
399 1794 529 1878 coepit,
553 1793 711 1878 singulos
735 1814 774 1860 eo
791 1791 941 1858 imbutos
959 1789 1073 1858 colore
1091 1811 1194 1875 quem
1213 1790 1341 1856 tinctor
1354 1788 1444 1855 vole·
1546 1781 1549 1789 ’

244 1896 319 1980 bat,
346 1897 457 1964 donec
479 1919 597 1964 omues
621 1897 750 1964 eduxit.
791 1895 870 1963 Hoc
893 1894 1099 1962 miraculum
1121 1900 1225 1980 atque
1246 1893 1444 1979 prodigium

244 2001 400 2067 videntes
416 2001 541 2067 Iudaei
560 2001 661 2067 deum
678 1999 877 2065 laudarunt.

660 2222 781 2290 Garun
803 2221 1024 2292 XXXVIII.

330 2394 501 2480 Iosephus
526 2402 642 2462 autem
667 2417 729 2480 per
754 2401 862 2463 totam
889 2395 1011 2461 urbem
1038 2394 1246 2461 circumiens
1269 2391 1445 2459 dominum

245 2496 362 2563 Iesum
384 2519 501 2564 secum
527 2498 692 2581 ducebat,
719 2519 797 2564 cum
817 2502 961 2583 propter
986 2495 1162 2580 opificium
1190 2496 1265 2563 eius
1287 2495 1444 2562 homines

245 2599 589 2668 illumaccerserent
609 2608 649 2666 ut
663 2607 782 2685 portas
803 2601 890 2684 ipsis
912 2606 948 2666 et
961 2598 1161 2665 mulctralia
1181 2605 1216 2664 et
1237 2599 1389 2683 spondas
1410 2605 1446 2666 et

246 2724 342 2770 arcas
360 2704 559 2784 conficeret3
580 2709 725 2788 eratque
744 2725 821 2769 cunr
837 2706 912 2787 ipso
930 2702 1089 2769 dominus
1105 2701 1207 2768 Iesus
1225 2722 1443 2788 quocumque

247 2806 330 2873 ibat.
364 2806 510 2890 Quoties
528 2827 609 2891 ergo
627 2806 779 2890 Iosepho
796 2806 931 2891 aliquid
948 2806 1063 2890 operis
1080 2805 1134 2872 sui
1151 2805 1222 2872 sive
1239 2805 1357 2873 cubito
1374 2807 1445 2873 sive

246 2908 417 2993 spithama
432 2910 571 2995 longius
594 2917 655 2976 aut
669 2910 823 2993 brevius,
846 2909 951 2976 latius
967 2909 1021 2975 sel
1043 2909 1227 2994 angustius
1245 2909 1445 2977 iaciendum

247 3022 330 3097 erat,
348 3015 507 3081 (lominus
518 3015 620 3081 Iesus
636 3036 775 3081 manum
790 3036 1017 3082 suamversus
1034 3014 1123 3081 illud
1140 3014 1360 3097 extendebat,
1378 3038 1445 3100 quo

246 3117 337 3183 sacto
355 3118 424 3184 tals
442 3118 545 3202 quale
561 3117 699 3185 volebat
713 3118 886 3204 Iosephus
904 3119 1023 3203 fiebat,
1046 3139 1160 3202 neque
1182 3118 1251 3202 ipsi
1268 3140 1354 3204 opus
1372 3126 1447 3186 erat

247 3222 433 3305 quicquam
449 3244 553 3287 manu
571 3243 634 3288 sus
650 3221 781 3288 iacere:
804 3244 872 3289 non
894 3227 970 3287 erat
991 3222 1082 3287 enim
1099 3221 1271 3305 Iosephus
1292 3224 1376 3289 artis
1398 3222 1414 3288 f
1434 3263 1446 3276 -

245 3324 346 3391 brilis
363 3325 546 3390 admodum
561 3326 706 3409 peritus.

669 3527 800 3628 ⁸(lusor
822 3527 1008 3594 XXXIX.

329 3697 487 3783 Quodam
509 3720 587 3765 vero
610 3698 666 3765 die
692 3700 875 3766 accersivit
901 3699 1002 3765 illum
1028 3720 1088 3766 rex
1109 3699 1443 3788 Hierosolymseet,

241 3801 341 3884 Volo,
364 3803 489 3888 inquit,
512 3802 675 3887 Iosephe,
697 3811 736 3870 ut
757 3804 883 3871 solium
900 3803 984 3869 mihi
1003 3803 1166 3870 conficias
1187 3803 1231 3870 ad
1247 3827 1444 3875 mensuram

241 3906 307 3972 loci
333 3906 429 3973 illius
450 3908 574 3991 inquo
597 3906 719 3972 sedere
743 3907 917 3973 consuevi.
948 3907 1074 3973 Paruit
1090 3907 1275 3993 Iosephus,
1299 3915 1445 3995 etpost

243 4031 344 4094 quarn
362 4010 479 4074 statim
496 4011 595 4094 operi
611 4031 750 4074 manum
768 4009 930 4091 admovit,
946 4008 1128 4076 biennium
1145 4011 1181 4076 in
1198 4013 1442 4098 regiamansit,

243 4113 353 4178 donec
365 4111 533 4177 fabricam
550 4111 739 4177 illiussolii
757 4111 914 4178 absolvit.
940 4110 1027 4177 Cum
1044 4121 1161 4178 autem
1178 4113 1266 4178 illud
1284 4115 1442 4182 inlocum

216 4236 340 4309 ¹suurn
360 4215 642 4279 transferendum
665 4220 839 4295 curasset,
866 4214 908 4280 ab
932 4235 1146 4300 unoquoque
1167 4215 1276 4282 latere
1300 4218 1386 4285 duas
1410 4220 1442 4286 ei

242 4317 429 4401 spithamas
447 4339 467 4381 a
481 4316 666 4401 praefinita
681 4337 846 4383 mensura
857 4316 980 4383 deesse
997 4318 1252 4385 animadvertit.
1278 4320 1354 4405 Quo
1370 4323 1442 4389 viso

308 4492 440 4544 XXXVII.
459 4509 496 4542 me
508 4493 578 4555 apuu
590 4509 673 4543 omnes
685 4518 694 4530 ·
708 4518 717 4531 ·
729 4494 881 4543 reddidisti.-
899 4495 940 4544 its
952 4495 992 4543 m.
1006 4510 1054 4559 pro
1067 4501 1092 4545 et
1104 4512 1141 4544 ms
1153 4501 1178 4546 et
1190 4497 1256 4546 cives
1267 4513 1334 4548 meos
1344 4498 1442 4548 iniuria

242 4579 351 4647 affecisti

312 4662 457 4714 XXXVIII.
476 4664 527 4713 sive
540 4663 622 4714 cubito
634 4665 686 4714 sios
698 4665 840 4727 epithema.-
854 4665 919 4715 hsec
933 4665 1002 4730 apud
1017 4665 1073 4717 Sit.
1087 4671 1115 4717 et
1127 4667 1198 4717 Thil.
1212 4665 1308 4719 omissa
1321 4673 1406 4720 erent.

310 4766 359 4800 son
370 4753 428 4799 erat
439 4749 504 4799 enim
517 4753 573 4799 etc:
586 4749 627 4799 its
639 4749 684 4800 lu..
693 4765 741 4815 pro
754 4750 816 4815 quia
826 4766 872 4800 aec
884 4751 1018 4801 admodum
1025 4751 1128 4814 peritus
1139 4756 1198 4802 erat
1208 4752 1391 4818 «dissaisitio
