3458 5640
262 610 302 674 82
471 610 803 662 PSBUDOMATTHAEI
823 611 1063 662 evertentium
1091 610 1164 662 CAP.
1182 612 1252 662 XVI.

349 758 465 824 'Erat
488 764 604 824 eutem
628 759 664 823 in
690 756 820 842 templo
847 754 1109 824 dominiAnue
1128 757 1365 842 prophetissa,
1391 759 1466 825 tilio

262 860 440 944 Phanuel,
469 860 510 926 de
531 859 627 926 tribu
648 859 773 940 Aeser,
801 880 889 943 quoe
915 861 1047 926 vixerat
1071 880 1147 926 eum
1172 861 1244 926 viro
1271 881 1333 927 suo
1360 863 1464 928 annis

263 973 396 1049 septem
421 985 442 1030 e
464 963 664 1047 virginitate
687 982 765 1042 sue;
792 961 932 1028 ethaeo
954 957 1057 1029 vidue
1082 969 1157 1029 erat
1180 965 1247 1029 iem
1268 983 1463 1048 perennes

264 1069 443 1153 octoginta
460 1072 623 1151 quatuor;
645 1085 733 1149 quae
750 1085 938 1149 numquam
956 1065 1120 1133 discessit
1134 1088 1155 1133 u
1170 1067 1299 1151 templo
1317 1067 1462 1151 domini,

264 1172 408 1238 ieiuniis
431 1176 466 1236 et
486 1169 705 1237 cretionibus
725 1188 862 1234 vocene.
908 1169 1008 1236 Haeo
1027 1169 1198 1237 accedens
1221 1171 1392 1238 odorabat
1411 1172 1464 1237 in·

267 1275 398 1340 iontem
415 1273 535 1339 diceus
554 1274 718 1357 quoniam
734 1272 770 1336 in
787 1273 854 1337 isto
873 1278 928 1337 est
944 1274 1136 1356 redemptio
1154 1275 1275 1340 seculi.

742 1437 862 1506 (insum
884 1441 986 1510 XVI.

351 1584 359 1616 ¹
377 1579 570 1645 Transacto
587 1598 666 1645 vero
684 1577 838 1644 secundo
856 1599 947 1644 enno
963 1587 1136 1645 venerunt
1154 1581 1243 1665 mogi
1265 1580 1306 1646 ab
1325 1581 1461 1646 oriente

264 1686 300 1750 iu
322 1682 616 1769 Hierosolymam,
638 1703 764 1767 magne
785 1680 984 1750 deferentes
1006 1704 1160 1751 munero.
1198 1683 1266 1769 Qui
1287 1686 1464 1751 instanter

264 1791 569 1875 interrogaverunt
589 1785 741 1854 Iudaeos
765 1785 936 1854 dicentes:
967 1787 1038 1855 Ubi
1060 1795 1115 1855 est
1131 1811 1190 1856 rex
1207 1789 1266 1874 qui
1283 1794 1386 1856 uetus
1408 1794 1463 1856 est

263 1890 385 1960 vobis?
414 1890 577 1962 Vidimus
595 1892 686 1956 enim
702 1890 839 1957 steilim
856 1892 931 1958 eius
954 1893 990 1957 iu
1008 1894 1158 1976 oriente,
1181 1902 1217 1959 et
1231 1895 1385 1960 venimus
1405 1892 1464 1959 ed-

332 2108 356 2154 3.
375 2118 411 2153 nu
424 2104 495 2152 Erat
507 2118 603 2167 quoque
616 2099 794 2167 {prophetissa
811 2107 843 2149 ut
855 2115 905 2160 ης
925 2113 979 2151 nco
998 2118 1040 2151 em
1055 2101 1059 2168 Ι
1073 2104 1105 2151 ete
1122 2104 1190 2152 trite
1202 2107 1282 2153 ,teser
1294 2110 1325 2153 ut
1338 2116 1428 2163 seem
1446 2116 1463 2152 ι

264 2206 306 2240 om
320 2186 325 2256 Ι
339 2190 455 2239 esseut
468 2199 537 2248 omn
554 2200 590 2236 ur
603 2202 683 2235 assos
696 2183 701 2250 Ι
714 2184 822 2249 e(uiss)
835 2186 969 2250 stirpium
981 2192 1013 2236 ut
1025 2199 1094 2247 serm
1114 2200 1150 2237 cu
1163 2203 1205 2238 om
1219 2190 1223 2254 Ι
1238 2195 1263 2238 et
1274 2190 1336 2237 Isaeo
1349 2214 1357 2225 ·
1369 2189 1462 2238 ‹lise-es·

264 2277 298 2325 sit
310 2274 338 2337 (s
350 2272 506 2335 discedebat)
519 2273 551 2321 de
564 2271 593 2333 (Δ
606 2271 634 2333 α)
647 2275 679 2320 te.
692 2272 786 2320 demisi
798 2270 846 2333 (cn
858 2272 911 2333 dei)
924 2271 999 2320 isium
1018 2276 1042 2321 et
1061 2287 1098 2320 or.
1115 2288 1209 2321 necess
1221 2273 1250 2335 (s
1264 2289 1317 2321 eac.
1331 2278 1356 2321 et
1367 2273 1418 2335 or.)
1431 2279 1463 2322 ut

264 2372 349 2418 seem
371 2371 387 2405 e
402 2371 463 2407 vero
476 2362 501 2406 et
512 2358 574 2404 tsuee
586 2357 618 2405 ri.
632 2359 697 2413 eret,
711 2370 774 2419 quae
786 2371 834 2405 sess
846 2356 990 2422 discedebat
1002 2373 1019 2405 a
1032 2361 1063 2405 te.
1076 2357 1171 2406 eleusini
1182 2356 1287 2405 LXXX
1298 2359 1374 2407 unsis
1386 2358 1461 2406 ies'ssss.

263 2462 317 2496 uec·
336 2449 360 2494 et
378 2459 416 2493 or.
431 2440 435 2508 Ι
450 2441 524 2491 llaec
535 2440 563 2504 (e
575 2441 613 2490 Et
621 2441 693 2504 laec)
706 2442 828 2491 accedens
845 2442 973 2491 moratas
984 2441 1012 2507 (tc
1021 2441 1152 2506 celeravit)
1166 2469 1174 2480 ·
1187 2448 1225 2492 est
1237 2443 1334 2507 (serit)
1344 2444 1399 2493 red.
1412 2461 1462 2492 sec.

263 2539 294 2582 nt
307 2543 393 2589 scne3
412 2542 429 2577 e
443 2543 504 2578 reso
521 2526 592 2589 Quos
603 2528 684 2576 discit:
704 2528 880 2591 Euesperites
892 2533 929 2578 est
941 2529 968 2577 iss
980 2529 1080 2578 selsam
1098 2534 1123 2578 et
1139 2530 1166 2578 iss
1178 2529 1387 2579 resurrectionem
1398 2529 1461 2578 resl-

263 2624 345 2669 torum
357 2617 383 2666 io
393 2615 492 2665 Israel:
505 2614 585 2679 ipsios
596 2614 705 2662 arissam
713 2615 884 2678 perlrcueibs't
891 2613 1003 2678 placius,
1016 2619 1044 2664 st
1053 2613 1196 2665 revelentur
1208 2631 1239 2664 ex
1248 2614 1335 2664 inultis
1343 2615 1462 2664 cordibus

263 2703 443 2769 capitationem
460 2701 503 2764 pul
521 2699 601 2749 seculi
616 2700 755 2764 redemptio
771 2705 816 2749 est.
844 2700 912 2749 diem
929 2701 1025 2749 reversi
1042 2706 1100 2750 sest
1118 2717 1172 2750 cum
1189 2702 1419 2765 repercuteretur
1436 2702 1463 2750 s'ss

263 2789 400 2840 Bethleem.

332 2874 401 2934 XVI,
421 2876 444 2922 1.
471 2871 612 2921 transacto
631 2886 689 2920 uero
706 2872 815 2921 eecsmdo
832 2888 898 2922 anso
917 2877 1050 2931 cesserunt,
1067 2878 1098 2922 ut
1111 2885 1141 2932 Δ,
1158 2873 1222 2924 item
1236 2885 1254 2921 Β
1266 2874 1304 2923 Εἰ
1322 2874 1464 2923 transactis

264 2962 359 3013 duobus
377 2961 451 3009 unsis
463 2975 517 3007 ecce
529 2962 663 3015 cesses-sent,¹
682 2959 837 3009 similitesu
852 2958 994 3009 stamas-to
1006 2963 1088 3009 certem
1101 2976 1166 3009 osseo
1180 2965 1306 3009 serment.
1332 2957 1462 3010 Comme

267 3047 415 3100 storeaets's
426 3049 508 3094 cotem
519 3043 615 3093 duoles
626 3043 713 3093 diebus
724 3050 857 3103 cesserunt,
875 3050 904 3095 et
916 3060 934 3095 o
948 3046 992 3109 (ut
1005 3047 1056 3095 iem
1070 3047 1183 3096 reletum
1197 3048 1251 3110 est)
1266 3047 1353 3097 Pertia
1364 3047 1464 3097 decima

263 3150 322 3186 cere
334 3135 376 3183 die
387 3135 515 3181 emmer.
534 3130 573 3180 De
587 3131 629 3179 his
641 3131 804 3180 lectionibus
817 3140 937 3181 scutuere
950 3132 1063 3182 ditdeile
1076 3140 1126 3181 est.
1145 3132 1213 3182 Puto
1228 3139 1316 3184 temen
1330 3150 1346 3183 e
1358 3133 1463 3184 (luobus

265 3222 343 3272 ennio
357 3219 446 3284 potius
459 3214 663 3282 regrediendum
676 3217 761 3265 visum
775 3232 832 3266 esse
846 3233 924 3281 quem
937 3233 952 3266 s
965 3217 1068 3266 duobus
1081 3218 1176 3268 diebus
1195 3220 1228 3268 ed
1243 3219 1357 3269 totidem
1376 3235 1462 3269 eunus

266 3302 497 3372 progrediendum.
523 3301 670 3351 Videbatur
688 3303 758 3351 euim
772 3304 869 3366 corrigi
883 3305 1000 3352 uerrutis
1017 3305 1039 3353 si
1053 3319 1188 3368 magorum
1207 3305 1339 3354 adventus
1353 3307 1463 3370 propius

266 3393 300 3444 sd
312 3392 429 3454 reliques
448 3402 489 3438 res
502 3387 723 3436 Bethleemiticss
742 3388 891 3438 secederet.
915 3389 985 3438 lliuc
999 3390 1124 3452 estquod
1144 3391 1171 3439 iu
1185 3390 1277 3440 codiee
1296 3404 1315 3439 u
1333 3391 1390 3454 ipse
1409 3392 1462 3440 siu·

267 3479 385 3544 gulosum
396 3488 480 3522 rerum
491 3471 555 3520 ordo
568 3475 686 3520 motetus
697 3477 754 3532 est;
766 3488 817 3536 quo
829 3481 870 3522 est
881 3475 1003 3524 ettectum
1014 3480 1045 3524 ut
1057 3476 1127 3538 snugi
1140 3476 1266 3524 venirent
1275 3477 1462 3525 Bethleeurusn

266 3568 409 3625 antequem
423 3572 487 3623 puer
500 3558 528 3606 in
541 3558 642 3620 templo
656 3556 802 3607 offerretur.
822 3557 879 3616 Qus
889 3574 948 3607 eum
957 3573 986 3608 re
999 3560 1126 3608 cohaeret
1139 3560 1210 3622 ‹psod
1224 3560 1293 3608 idem
1306 3561 1378 3609 intre
1390 3563 1464 3610 iuter

266 3661 400 3714 magorum
419 3643 602 3694 sderstiouem
620 3647 648 3692 et
666 3657 758 3693 necem
771 3644 1005 3694 Betirleemiticom
1022 3645 1074 3694 iter
1088 3644 1203 3695 Herodis
1217 3646 1362 3694 Romanum
1381 3647 1462 3695 unius

267 3735 331 3785 enni
344 3729 531 3782 intercessisse
544 3728 618 3778 fecit.
637 3729 750 3778 Accedit
763 3729 833 3794 quod
847 3744 913 3794 quoe
926 3731 1044 3793 proxime
1058 3735 1205 3794 sequuntur
1218 3731 1251 3781 de
1263 3746 1345 3795 puero
1359 3731 1386 3782 iu
1400 3731 1462 3781 sinu

266 3819 359 3870 metris
373 3816 498 3873 odorato,
516 3815 600 3879 magis
613 3813 742 3878 qusdrure
755 3815 915 3866 videbuntur
933 3817 961 3865 in
981 3817 1112 3866 insontem
1126 3816 1236 3866 ducrum
1256 3819 1311 3867 fere
1330 3819 1461 3867 mensium

267 3922 344 3971 quem
357 3917 485 3954 sueorum
499 3900 619 3951 totidem.
644 3899 726 3959 Quum
741 3901 846 3966 quidem
859 3904 992 3952 sotionem
1005 3908 1067 3967 post
1080 3918 1184 3967 quoque
1198 3904 1285 3967 poetis
1296 3905 1394 3954 setstis
1408 3921 1460 3955 sue·

266 3991 326 4041 dise
339 3988 468 4054 imprimis
486 3987 618 4050 placuisse
638 3991 747 4037 constet
764 3984 811 4048 (cf.
830 3986 933 4037 Schede
951 3988 969 4037 l.
982 3989 1001 4036 l.
1019 4004 1080 4053 pag.
1093 3990 1126 4037 28
1144 3988 1195 4052 sp.)
1221 3987 1343 4038 Ceterum
1363 3997 1460 4039 uotstu

267 4077 376 4141 dignum
390 4078 432 4124 est
445 4071 515 4136 quod
529 4073 580 4121 ism
593 4070 626 4121 sb
639 4082 747 4121 succure
762 4071 855 4135 Operis
869 4074 973 4136 imperf.
987 4075 1015 4122 in
1028 4074 1126 4124 Mutth.
1139 4075 1229 4123 homil.
1240 4076 1263 4122 2.
1278 4076 1394 4123 refertur
1407 4081 1460 4124 trs·

266 4161 334 4210 ditio
354 4175 384 4209 ex
398 4174 449 4222 que
461 4157 545 4220 uirgis
558 4156 669 4205 duorum
681 4172 809 4206 annorum
824 4159 875 4206 iter
888 4157 1040 4207 faciendum
1053 4160 1143 4207 fuerit.
1170 4157 1296 4207 Codicum
1313 4160 1459 4208 suctoritu·

265 4250 320 4295 teus
339 4242 410 4308 quod
426 4243 542 4299 ettinet,
561 4240 613 4289 deo
631 4247 704 4290 certe
723 4241 756 4291 de
774 4243 884 4291 biennio
903 4244 1092 4299 consentiunt,
1116 4242 1150 4291 ed
1169 4259 1235 4306 quos
1253 4259 1335 4307 prope
1354 4243 1461 4293 secedit

264 4329 348 4378 lectio
356 4326 487 4384 mendicis,
497 4327 542 4390 qui
550 4326 891 4390 antiquioremscripturem
900 4326 1154 4376 videturretinuisse
1166 4329 1218 4376 uisi
1226 4328 1296 4390 qued
1306 4327 1460 4386 „secrrnslo“

266 4413 402 4464 obiecerit.
428 4410 533 4475 Reliqui
546 4426 608 4460 vero
621 4409 673 4460 dee
691 4412 757 4461 setis
776 4411 903 4461 differunt
922 4411 1024 4460 dierum
1042 4427 1163 4469 numere,
1181 4427 1231 4461 nec
1251 4419 1340 4462 tumen
1359 4416 1402 4462 est
1414 4427 1461 4462 cur

265 4500 344 4549 elteri
357 4499 470 4549 sicerum
483 4498 626 4561 presteras.
640 4496 644 4564 Ι
658 4499 685 4546 iss
697 4497 743 4559 (sc
757 4498 810 4559 om)
822 4496 1025 4563 Hierosolymam
1037 4496 1065 4560 (e
1078 4497 1183 4555 -limom,
1199 4512 1216 4546 s
1229 4498 1417 4560 Ierusols'mom)
1430 4504 1462 4548 ut

266 4597 333 4645 1033
354 4599 370 4633 e
384 4585 410 4632 iss
424 4569 607 4650 Hierosolymis
621 4580 881 4650 imapuodet'erestes
893 4584 942 4646 (sic
956 4583 1040 4646 eene)
1053 4600 1156 4633 eremesa
1169 4584 1197 4650 (u
1208 4602 1274 4634 murs.
1287 4586 1339 4650 def.
1353 4584 1426 4647 mc.),·
1445 4597 1460 4633 c

265 4688 347 4737 moys.
360 4687 425 4720 mss.
438 4670 509 4738 offer.
528 4670 533 4739 Ι
552 4682 681 4721 comm
699 4668 703 4739 Ι
723 4672 766 4736 qui
784 4677 859 4721 satos
875 4676 912 4721 est
925 4671 954 4733 (n
967 4670 1021 4734 our)
1033 4672 1103 4720 cebir
1114 4671 1161 4734 (cn
1175 4673 1255 4735 nelis)
1275 4672 1279 4740 Ι
1300 4685 1318 4721 n
1332 4688 1374 4721 osu
1387 4672 1461 4730 essim,

265 4760 329 4810 item
343 4771 360 4806 n
370 4759 431 4815 eisc,
445 4757 535 4808 itemc
548 4758 574 4807 iss
586 4758 676 4808 orient.
691 4753 695 4820 Ι
709 4759 832 4807 cessimus:
844 4771 860 4805 e
874 4756 926 4808 edd
937 4773 990 4805 sem
1000 4757 1141 4807 muneribus
1154 4760 1158 4824 Ι
1173 4758 1247 4808 Haec
1259 4756 1289 4820 (s
1301 4757 1354 4808 edd
1367 4761 1461 4819 aetem)
