3458 5640
264 630 324 693 182
463 632 696 684 svaudunum
714 631 906 682 munnulus
924 629 1114 682 ABABICUM.
1141 630 1257 683 111.1v.

263 800 411 864 propere
428 780 517 845 abiit
532 779 761 845 utmulierem
779 781 812 845 ei
828 786 1024 846 accerseret
1042 799 1131 863 quae
1148 781 1181 845 ei
1197 779 1348 846 adesset.
1373 778 1462 846 Cum

263 883 372 967 igitur
393 882 428 947 in
446 888 697 966 eooeeupatus
715 889 822 965 esset,
844 904 948 948 anum
963 880 1162 948 Hebraeum
1179 883 1361 966 conspexit
1376 882 1463 948 Hie-

263 985 453 1070 rosolymae
471 984 664 1067 oriundam,
687 989 733 1066 et,
754 983 854 1049 Heus
870 982 1067 1065 benedicta,
1088 984 1215 1067 inquit,
1237 984 1307 1050 huo
1322 985 1407 1051 ades
1426 991 1463 1051 et

264 1088 466 1173 speluncam
482 1088 585 1153 istam
601 1087 795 1172 ingredere,
813 1087 849 1150 in
866 1107 936 1170 qua
951 1091 1005 1152 est
1019 1086 1145 1151 mulier
1159 1089 1277 1170 partui
1292 1088 1417 1153 vicina.

755 1338 876 1407 Carnu
899 1339 969 1405 III.

348 1509 475 1592 Itaque
496 1515 577 1593 post
597 1509 681 1575 solis
697 1528 859 1574 occasum
880 1529 968 1574 anus
992 1513 1120 1573 etcum
1142 1507 1205 1573 illa
1220 1508 1392 1592 Iosephus
1415 1511 1460 1575 ad

264 1611 466 1695 speluncam
482 1611 591 1692 venit,
614 1631 759 1694 eamque
781 1610 880 1676 ambo
904 1610 1131 1675 intraverunt.
1165 1609 1212 1675 Et
1229 1629 1308 1687 ecoe
1326 1610 1463 1694 repleta

264 1721 340 1781 erat
363 1713 426 1780 illa
449 1712 641 1779 luminibus
666 1712 888 1779 lucernarum
913 1717 949 1779 et
973 1710 1197 1778 candelarum
1223 1711 1359 1797 fulgore
1384 1713 1461 1798 pul-

264 1817 460 1885 chrioribus
483 1823 519 1884 et
538 1817 645 1884 solari
666 1816 744 1884 luce
766 1815 1077 1903 splendidioribus.
1123 1815 1246 1884 Infans
1268 1818 1389 1887 fasciis
1411 1819 1463 1886 in·

262 1924 402 1991 volutus
427 1922 588 1989 dominae
613 1919 748 1988 Mariae
774 1922 894 1988 matris
922 1942 1005 1987 suae
1030 1942 1210 1987 mammam
1236 1922 1399 2007 sugebat,
1425 1925 1462 1990 in

262 2029 425 2113 praesepi
443 2028 629 2112 repositus.
664 2025 768 2093 Hanc
784 2026 897 2092 lucem
914 2046 992 2091 oum
1007 2024 1108 2092 ambo
1125 2027 1345 2110 mirarentur,
1363 2035 1464 2113 rogat

262 2131 382 2197 vetula
397 2130 572 2196 dominam
586 2129 750 2195 Mariam:
779 2128 878 2194 Tune
895 2127 999 2194 huius
1015 2128 1089 2194 nati
1107 2148 1143 2195 es
1160 2127 1292 2195 mater?
1322 2130 1463 2197 Etcum

264 2233 406 2300 domina
419 2232 535 2298 Maria
555 2232 752 2313 annuisset,
771 2230 1018 2316 Nequaquam,
1041 2232 1106 2314 ait,
1124 2232 1249 2298 similis
1268 2254 1305 2299 es
1322 2233 1463 2300 filiabus

262 2335 367 2401 Evae.
403 2335 505 2401 Dixit
521 2334 662 2400 domina
676 2333 804 2399 Maria:
842 2331 956 2400 Sicuti
972 2333 1044 2399 filio
1061 2354 1137 2399 meo
1154 2356 1254 2400 nemo
1272 2335 1366 2400 inter
1379 2356 1464 2419 pue·

262 2461 320 2504 ros
343 2459 409 2522 par
432 2445 500 2520 est,
526 2438 676 2503 itacius
702 2437 854 2521 genitrix
878 2435 1010 2501 nullam
1036 2436 1130 2501 inter
1154 2437 1318 2503 mulieres
1343 2458 1464 2521 parem

263 2543 379 2607 habet.
424 2539 623 2624 Respondit
642 2560 745 2605 anus:
785 2539 883 2605 Hera
904 2559 996 2620 mea,
1021 2539 1099 2604 veni
1123 2559 1185 2622 ego
1209 2545 1249 2604 ut
1270 2540 1463 2623 praemium

262 2644 496 2729 acquirerem,
517 2644 586 2709 iam
609 2643 739 2707 dudum
761 2641 914 2727 paralysi
934 2641 1060 2706 affecta
1080 2663 1166 2707 sum.
1202 2642 1304 2708 Dixit
1325 2644 1357 2708 ei
1378 2642 1465 2708 hera

262 2754 383 2812 nostra
399 2746 539 2811 domina
553 2729 682 2810 Maria:
704 2744 850 2827 Impone
867 2764 990 2809 manus
1006 2749 1084 2808 tuas
1101 2743 1240 2809 inlanti.
1265 2742 1367 2827 Quod
1384 2765 1462 2809 cum

261 2849 407 2915 fecisset
421 2869 520 2930 anus,
538 2847 711 2930 extemplo
728 2846 915 2913 convaluit.
946 2844 1034 2910 Tum
1051 2846 1137 2912 exiit
1153 2846 1290 2913 dicens:
1321 2845 1461 2913 Dehinc

262 2951 395 3017 famula
414 2956 450 3017 et
467 2951 628 3016 ministra
653 2970 712 3016 ero
737 2949 842 3015 huius
867 2946 1014 3014 infantis
1037 2949 1197 3015 omnibus
1224 2948 1461 3015 diebusvitae

263 3074 372 3120 meae.

761 3224 882 3290 Garun
905 3223 967 3290 IV.

350 3396 438 3462 Tum
453 3404 623 3463 venerunt
637 3401 814 3480 pastores3
837 3397 896 3480 qui
914 3416 992 3461 oum
1015 3395 1131 3478 ignem
1147 3396 1415 3461 succendissent
1431 3401 1467 3460 et

265 3499 449 3565 admodum
474 3500 705 3581 laetarentur,
731 3504 971 3582 apparuerunt
995 3498 1066 3562 illis
1096 3499 1268 3562 exercitus
1296 3499 1465 3562 caelestes

264 3603 450 3670 laudantes
475 3608 511 3668 et
535 3601 753 3669 celebrantes
779 3602 880 3667 deum
907 3599 948 3668 Ο.
972 3600 1038 3684 M.,
1064 3599 1226 3685 idemque
1252 3600 1466 3667 facientibus

265 3708 468 3794 pastoribus
490 3706 658 3793 spelunca
680 3707 749 3774 ista
771 3712 855 3773 tunc
877 3706 1044 3791 temporis
1068 3704 1197 3789 templo
1220 3704 1341 3770 mundi
1365 3725 1467 3789 supe-

266 3815 369 3881 rioris
386 3812 510 3881 similis
527 3812 621 3880 iacta
637 3817 700 3896 est,
722 3811 888 3898 quoniam
911 3831 973 3878 ora
993 3817 1027 3877 et
1044 3810 1211 3877 caelestia
1233 3816 1269 3875 et
1283 3811 1468 3876 terrestria

266 3918 512 4005 glorificabant
533 3923 569 3985 et
588 3917 859 4003 magnificabant
879 3914 1012 4004 [deum]
1036 3915 1078 3982 ob
1097 3916 1314 3982 nativitatem
1333 3915 1466 3981 domini

269 4021 412 4090 Christi.
450 4020 537 4089 Cum
552 4042 632 4088 vero
649 4043 737 4088 anus
754 4022 816 4087 illa
831 4020 996 4086 Hebraea
1012 4019 1198 4086 manifesta
1213 4020 1283 4084 ista
1298 4018 1469 4085 miracula

335 4265 385 4314 111.
395 4265 505 4329 sulpure
512 4262 704 4326 pulchrioribus
721 4286 752 4299 ··
771 4261 999 4324 eploudlde'oribue:
1015 4264 1055 4310 ite
1068 4261 1107 4312 Fr.
1132 4261 1210 4324 Apud
1224 4261 1280 4310 sik.
1300 4264 1329 4310 et
1341 4260 1412 4308 Thil.
1425 4265 1469 4309 est

269 4350 395 4413 sulpureos
407 4348 583 4398 recedentibus
594 4373 603 4383 ·
616 4372 625 4384 ·
636 4345 782 4394 maioribus.

310 4452 314 4460 ·
334 4435 475 4498 Respondit
487 4449 569 4482 oaes-
580 4458 589 4469 ·
599 4433 693 4499 affecte
705 4448 765 4480 mm.
790 4431 868 4481 Diau
879 4432 917 4480 ei:
930 4432 969 4481 ita
982 4432 1022 4481 b'l.
1036 4448 1088 4481 une
1101 4433 1229 4481 correctis
1242 4431 1365 4482 arabicis.
1390 4430 1470 4494 Apud

267 4520 324 4570 sik.
338 4528 366 4569 et
375 4520 446 4568 uuit.
460 4523 502 4569 est
514 4517 689 4581 mamona
700 4532 760 4566 uero
772 4532 823 4566 oue
834 4521 859 4566 ot
871 4516 982 4565 dicento:
1001 4516 1076 4565 Hora
1087 4532 1150 4573 mea,
1162 4516 1220 4564 oeni
1231 4532 1276 4580 eye
1288 4520 1317 4567 ut
1325 4516 1470 4579 praemium

263 4609 387 4671 perpetuo
400 4606 552 4654 duraturum
564 4603 729 4669 acquirerem,
740 4603 825 4667 inquil
836 4601 887 4652 illi.
1358 4640 1362 4649 .

334 4692 380 4742 IV.
399 4691 491 4755 templo
503 4691 590 4742 mundi
600 4690 743 4754 superioria
753 4688 929 4754 similieseote
941 4691 992 4738 est:
1005 4688 1045 4737 ite
1058 4687 1099 4737 ΡΙ.
1117 4687 1194 4753 Apud
1208 4687 1265 4738 Sik.
1279 4693 1307 4739 et
1319 4689 1390 4738 'l'bib
1403 4689 1471 4754 logi·

265 4785 310 4855 tur
322 4783 429 4845 aequale
441 4777 534 4844 uetple
546 4776 678 4829 simillimo
691 4776 835 4827 uidebatur.
