3458 5640
365 623 694 674 astabo-Marruuia
714 623 958 674 avnuaauwu.
990 622 1064 672 ΟΔΡ.
1084 621 1203 673 xxxvl.
1222 623 1355 674 xxxvu.
1400 622 1462 685 105

263 779 323 838 aut
341 778 504 856 parentes
527 771 619 853 eius,
642 794 710 838 non
733 794 769 840 se
792 773 885 838 ultro
907 771 1068 837 leonibus
1090 771 1287 839 obtulisset.
1319 773 1367 838 ut
1383 794 1460 840 cum

263 877 411 962 populus
433 875 518 941 haec
538 875 632 942 iutra
653 875 880 961 recogitaret
901 881 936 942 et
956 875 1105 941 moerori
1126 876 1233 941 nimio
1251 876 1460 959 subiaceret,
1556 889 1559 895 ’

263 1001 342 1046 ecoe
361 980 476 1047 subito
498 980 534 1044 in
552 987 742 1066 conspectu
759 979 879 1065 populi
902 980 1007 1046 exivit
1021 979 1122 1046 Iesus
1139 979 1182 1045 de
1200 988 1320 1065 crypta
1340 988 1376 1046 et
1392 980 1461 1047 leo·

263 1105 323 1151 nes
340 1082 599 1149 antecedebant
615 1105 703 1165 eum,
721 1092 757 1150 et
768 1083 876 1150 catuli
892 1083 1031 1150 leonum
1048 1083 1254 1167 antepedes
1272 1083 1347 1149 eius
1365 1084 1461 1149 lude·

262 1187 346 1251 bant
368 1189 460 1250 inter
480 1207 527 1249 ae.
572 1186 743 1251 Parentes
763 1207 841 1252 vero
865 1186 947 1251 Iesu
970 1185 1120 1251 demisso
1143 1186 1256 1268 capite
1279 1187 1421 1252 stabant
1441 1209 1461 1250 a

262 1290 364 1372 longe
382 1293 417 1353 et
433 1288 679 1368 observabant;
696 1289 828 1371 pariter
844 1293 880 1353 et
894 1287 1044 1371 populus
1061 1293 1204 1371 propter
1220 1287 1340 1354 leones
1356 1288 1459 1372 longe

262 1391 390 1458 stabat:
409 1412 478 1455 non
497 1391 589 1455 enim
605 1411 642 1455 se
660 1391 872 1474 coniungere
891 1391 941 1456 eis
959 1389 1120 1456 audebat.
1151 1389 1251 1455 Tunc
1266 1389 1367 1456 Iesus
1385 1409 1461 1454 coe·

261 1495 314 1577 pit
335 1494 451 1558 dicere
473 1491 516 1557 ad
538 1491 719 1575 populum:
762 1491 900 1576 Quanto
923 1492 1085 1557 meliores
1107 1499 1189 1558 arunt
1208 1492 1341 1558 bestiae
1362 1492 1460 1558 vobis

262 1617 351 1680 quae
368 1616 469 1662 sumn
486 1601 683 1679 agnoscunt
695 1595 872 1661 dominum
889 1602 925 1661 et
940 1593 1148 1680 glorificant,
1165 1601 1201 1661 et
1215 1616 1274 1660 voa
1291 1595 1460 1677 homines,

263 1700 323 1785 qui
348 1699 392 1765 ad
413 1699 600 1785 imaginem
626 1706 662 1765 et
682 1699 947 1766 similitudinem
968 1699 1025 1766 dei
1047 1699 1131 1766 facti
1154 1701 1253 1782 estio,
1279 1701 1460 1786 ignoratis.

262 1803 405 1869 Bestiae
423 1808 619 1887 agnoscunt
633 1824 686 1868 me
705 1809 741 1869 et
756 1809 1022 1882 manaueaouut;
1045 1804 1203 1896 homines
1220 1826 1272 1870 me
1289 1803 1409 1870 rident
1426 1809 1463 1869 et

263 1926 333 1971 non
350 1913 575 1989 cognoscunt.

700 2058 822 2125 Onrur
844 2057 1023 2127 XXXVI.

349 2197 437 2262 Post
466 2195 551 2261 haec
576 2194 677 2262 Iesus
702 2197 865 2263 transivit
888 2195 1076 2263 Iordanem
1102 2196 1237 2263 eunctis
1261 2196 1463 2263 videntibus

266 2322 341 2367 cum
364 2299 540 2381 leonibus,
563 2306 598 2365 et
619 2322 709 2385 aqua
730 2300 893 2368 Iordanis
916 2300 1026 2367 divisa
1049 2301 1165 2367 estad
1187 2300 1342 2367 dextram
1363 2299 1461 2368 etad

266 2405 452 2470 sinistram.
484 2403 583 2469 Tunc
601 2404 689 2469 dixit
704 2404 877 2486 leonibuS,
894 2404 944 2469 ita
960 2409 999 2469 ut
1015 2424 1134 2469 omnes
1151 2402 1328 2469 audirent:
1353 2403 1407 2470 Ite
1425 2404 1461 2468 in

264 2530 349 2592 pace
370 2514 405 2573 et
420 2507 593 2573 neminem
610 2508 775 2589 laedatis;
796 2507 858 2574 sed
875 2529 940 2574 neo
956 2507 1056 2574 homo
1073 2506 1171 2572 vobis
1188 2511 1328 2589 noceat,
1350 2507 1462 2572 donec

264 2610 483 2676 revertamini
506 2610 598 2675 unde
620 2611 751 2676 existia
797 2608 848 2675 At
868 2610 920 2674 illi
943 2631 1012 2675 non
1032 2629 1114 2674 voce
1137 2608 1198 2675 aed
1222 2630 1364 2692 corpore
1385 2610 1462 2675 vale

265 2713 435 2779 facientes
461 2712 625 2778 abierunt
649 2713 693 2778 ad
719 2712 796 2778 loca
820 2734 892 2778 sua.
926 2711 1027 2778 Iesus
1051 2733 1131 2777 vero
1157 2732 1315 2777 reversus
1341 2711 1462 2777 estad

265 2821 409 2880 matrem
426 2836 533 2879 suam.

694 2969 815 3036 Ourna
835 2969 1034 3036 XXXVII.

318 3091 321 3100 ’
354 3107 429 3172 ¹Et
451 3128 527 3172 cum
550 3114 644 3173 esset
664 3107 916 3193 Iosepbiaber
938 3107 1107 3192 lignarius
1131 3112 1166 3172 et
1187 3106 1275 3172 nihil
1300 3105 1397 3172 aliud
1423 3128 1464 3172 ex

267 3209 362 3294 ligno
386 3216 590 3292 operaretur
605 3210 673 3275 nisi
695 3211 778 3294 iuga
792 3210 921 3275 bobum
944 3216 979 3274 et
994 3214 1111 3274 aratra
1132 3216 1166 3274 et
1181 3215 1295 3275 terrae
1311 3211 1466 3275 versoria

230 3407 234 3416 Ι
269 3318 304 3376 et
314 3311 470 3376 culturae
488 3318 579 3393 apta,
596 3311 802 3395 ligneosque
820 3312 953 3376 faceret
967 3312 1089 3393 lector,
1108 3312 1257 3394 contigit
1272 3311 1464 3393 utquidam

267 3485 378 3534 teonibaa
397 3509 405 3520 ·
422 3485 468 3532 boe
485 3487 555 3533 Intro
572 3501 599 3533 ee
617 3510 624 3520 ·
642 3484 808 3535 observabant
816 3502 930 3549 puerum.
955 3486 994 3534 Et
1004 3486 1114 3550 popalus
1132 3511 1141 3522 ·
1160 3487 1260 3550 loupiac
1271 3485 1365 3534 stabat.
1389 3485 1465 3534 Da'xit

266 3586 325 3634 erpo
337 3570 374 3618 eia
383 3569 455 3617 leena
466 3594 475 3604 ·
487 3569 604 3618 meliores
615 3569 684 3619 cobis
695 3574 754 3619 aunt
766 3569 868 3629 tertiae,
881 3570 942 3635 qnia
950 3587 1020 3620 auam
1033 3596 1042 3607 ·
1055 3572 1089 3620 ad
1102 3572 1235 3635 innapinant
1244 3571 1286 3621 dei
1298 3575 1322 3620 et
1331 3569 1463 3619 timiditad.

266 3656 319 3706 eim
331 3681 339 3692 ·
352 3655 477 3719 ipaoratia
488 3671 549 3704 eant.
573 3656 679 3705 Bestiae
691 3656 789 3720 quidem
802 3661 948 3720 apacacant.
973 3657 1087 3721 Reliqua
1100 3657 1208 3708 desunt.

335 3738 452 3789 xxxvl.
478 3741 527 3790 Est
546 3741 610 3791 haec
631 3741 759 3790 historiae
778 3741 811 3791 de
831 3747 925 3808 crypta
945 3744 1050 3792 leonum
1069 3744 1144 3808 quasi
1163 3744 1249 3793 altera
1269 3758 1338 3808 para.
1371 3743 1464 3807 Neque

266 3828 331 3877 baec
344 3827 372 3876 in
386 3826 477 3878 codice
491 3841 506 3876 Β
519 3829 628 3894 legitur,
641 3829 688 3879 aed
701 3829 802 3894 legitur
815 3831 842 3878 in
856 3829 949 3880 codice
962 3843 990 3888 n,
1004 3830 1032 3880 in
1047 3847 1099 3895 quc
1113 3835 1195 3894 caput
1209 3830 1300 3880 xuw.
1315 3830 1385 3879 buno
1399 3830 1464 3878 titu-

264 3915 319 3963 lum
333 3914 429 3963 habet:
459 3913 585 3976 Quomodo
599 3914 1047 3979 (Quando)oqaa10rdaniada'oa'aa
1062 3921 1100 3965 eat
1118 3921 1177 3965 anta
1193 3933 1243 3965 eoa.
1264 3913 1268 3980 Ι
1287 3916 1332 3964 aad
1344 3930 1466 3977 corpore.-

266 4000 305 4049 ita
317 4015 375 4048 cum
388 4013 407 4047 1>
420 4001 589 4064 aoripairuua3
608 4013 625 4048 a
642 4001 687 4049 aed
699 4005 724 4050 et
737 4015 851 4061 corpore,
866 4001 936 4065 quod
949 4001 1070 4050 retinens
1089 4001 1117 4050 in
1137 4002 1178 4051 ed.
1192 4003 1242 4064 pri.
1256 4017 1304 4051 non
1317 4016 1374 4049 uoce
1386 4000 1465 4050 nolam

266 4083 482 4134 aubatituendum
497 4084 622 4134 iudicavi.
647 4087 682 4134 At
695 4084 832 4148 quaeritur
845 4100 878 4134 an
892 4085 920 4134 id
934 4100 965 4134 ex
978 4091 1068 4136 monto
1082 4087 1223 4150 scriptoria
1237 4087 1328 4135 suerit.

336 4169 425 4219 Habet
436 4173 524 4220 autem
538 4183 557 4219 Ι)
571 4175 657 4221 totum
669 4175 751 4236 caput
760 4171 812 4222 aie:
832 4171 896 4221 Post
907 4172 969 4220 laceo
981 4176 1064 4221 nuum
1076 4197 1085 4208 ·
1098 4172 1149 4221 dio.
1163 4177 1201 4222 eat
1213 4176 1272 4222 ante
1284 4189 1326 4221 eos
1337 4173 1371 4221 ad
1381 4173 1464 4222 dextr.

266 4262 291 4306 et
309 4258 342 4306 ad
359 4259 406 4306 ee'n.
431 4257 469 4306 Et
485 4258 552 4306 dr'xit
565 4283 573 4293 ·
586 4259 630 4306 aed
646 4274 691 4307 nee
709 4257 777 4306 cobis
794 4258 904 4307 homines
921 4262 1050 4307 noceant·
1064 4260 1102 4307 Aa
1120 4258 1162 4307 itti
1180 4258 1361 4325 calefacientes
1377 4260 1400 4308 et
1416 4275 1465 4308 noa

267 4361 324 4395 noce
335 4344 379 4394 aed
391 4360 498 4409 corpore
509 4344 626 4394 obtentant
639 4371 647 4381 ·
662 4350 736 4394 anatr.
750 4361 828 4394 auara.

335 4430 466 4489 XXXVII,
480 4433 503 4480 1.
523 4430 720 4482 conterendum
733 4438 775 4481 eat
789 4448 845 4481 cum
861 4432 911 4481 hoo
922 4432 1011 4495 cupite
1025 4433 1158 4496 evangelii
1173 4434 1259 4482 nostri
1270 4435 1361 4483 Tuom.
1372 4433 1464 4482 Latini

269 4533 326 4582 cap.
344 4517 388 4566 XI·
422 4516 474 4566 Sed
493 4531 526 4576 n,
546 4518 573 4567 in
592 4533 644 4581 quo
663 4523 745 4582 caput
762 4517 893 4568 xxxvu.
911 4518 1069 4581 inscriptum
1089 4521 1145 4568 eat:
1174 4518 1216 4567 De
1234 4518 1303 4582 liqna
1316 4534 1364 4581 per
1382 4519 1465 4567 Iesum

268 4605 384 4663 distento,
402 4603 486 4668 magia
499 4618 557 4652 cum
571 4617 588 4652 a
602 4604 737 4652 convenit.
763 4602 806 4652 Ita
819 4603 913 4652 babet:
936 4603 1008 4652 Erat
1020 4608 1103 4652 antem
1116 4603 1168 4653 Ioa.
1183 4605 1338 4654 architector
1349 4604 1463 4668 etfacia-

270 4691 384 4754 trutinae
396 4690 466 4738 boram
478 4692 503 4736 et
515 4693 609 4736 aratra
618 4688 733 4736 oeraora'a
745 4689 779 4736 ad
793 4688 918 4737 culturom
931 4694 994 4751 opta
1007 4688 1151 4752 lipnecaqae
1163 4690 1286 4750 operabat
1298 4690 1382 4738 tector.
1403 4690 1463 4739 Coa·

271 4775 425 4838 tingitanae
447 4787 495 4821 ano
515 4772 557 4820 de'e
577 4777 606 4820 at
624 4772 726 4835 quidam
747 4773 842 4820 favente
862 4773 905 4822 aa·
923 4774 1059 4836 probatam
1071 4774 1223 4836 faciendam
1240 4774 1466 4824 demandaretur
