3458 5640
432 605 764 657 esnone-urrunnu
783 607 1022 658 nvnnenmun.
1050 603 1125 659 cnr.
1144 606 1228 658 nun.
1388 605 1429 668 sn

179 844 180 847 Ἴ
229 756 391 840 vilegium
408 754 451 821 do
469 754 533 820 tibi
552 754 681 838 palma,
704 763 743 820 nt
759 776 848 820 unus
871 757 1032 821 exremis
1049 757 1119 821 tuis
1137 755 1371 822 transferatur
1386 755 1428 822 ab

229 860 363 945 angelis
380 860 466 925 meis
484 865 520 924 et
535 860 715 942 plantetur
731 859 767 924 in
784 858 947 944 paradiso
964 859 1074 944 patris
1091 859 1169 925 mei.
1193 859 1296 925 Hane
1313 866 1429 927 autem

228 963 510 1031 benedictionem
532 964 568 1028 in
587 970 619 1029 te
638 962 830 1045 conferam,
854 969 894 1029 ut
910 984 1029 1029 omnes
1047 963 1107 1048 qui
1130 963 1166 1028 in
1184 963 1303 1048 aliquo
1321 969 1429 1030 certa·

229 1068 319 1134 nrine
340 1067 502 1148 vicerint,
525 1067 664 1132 dicatur
684 1068 750 1132 eis:
781 1066 997 1133 Pervenistis
1016 1066 1059 1132 ad
1080 1066 1230 1150 palmam
1251 1067 1428 1135 victoriae.

228 1172 327 1238 Haeo
344 1194 384 1238 eo
401 1171 584 1255 loquente,
607 1190 688 1236 ecce
711 1170 858 1256 angelus
875 1170 1007 1236 domini
1030 1171 1194 1255 apparuit
1210 1177 1306 1238 stans
1323 1192 1430 1256 snper

228 1277 386 1342 arborem
407 1275 558 1359 palmae',
582 1280 618 1339 et
637 1275 801 1342 auferens
824 1296 931 1341 unum
952 1296 993 1341 ex
1016 1275 1119 1341 ramis
1141 1275 1216 1341 eius
1236 1275 1365 1342 volavit
1384 1275 1427 1340 ad

229 1379 378 1461 caelum,
402 1379 534 1444 habens
551 1399 684 1443 ramum
704 1379 739 1442 in
757 1399 861 1443 runnu
882 1398 955 1443 sua.
1002 1376 1105 1460 Quod
1120 1378 1278 1443 ridentes
1296 1377 1429 1444 oecide-

229 1487 310 1547 runt
325 1482 360 1545 in
378 1481 502 1546 saniem
521 1502 618 1545 suain
636 1488 672 1545 et
687 1480 771 1545 sacti
789 1486 872 1545 sunt
887 1480 982 1545 velut
997 1481 1135 1545 mortui.
1173 1478 1309 1562 Quibus
1325 1479 1427 1546 Iesus

229 1585 367 1650 loeutus
385 1590 439 1649 est
455 1584 590 1648 dicens:
617 1582 733 1666 Quare
751 1583 900 1647 formido
919 1583 1074 1648 obtinuit
1090 1581 1345 1649 cordavestra?
1369 1581 1428 1649 An

230 1688 372 1754 nescitis
396 1689 479 1772 quia
500 1686 616 1771 palma
637 1686 738 1768 haec,
768 1708 870 1770 quam
894 1686 961 1752 feei
985 1686 1168 1753 transferri
1194 1688 1229 1752 in
1253 1687 1427 1771 paradiso,

227 1798 350 1875 parata
376 1792 443 1857 erit
470 1791 630 1856 omnibus
658 1791 789 1857 sanetis
815 1792 850 1855 in
874 1791 951 1856 loco
974 1790 1194 1873 deliciarum,
1221 1792 1313 1856 siout
1330 1791 1428 1858 vobis

228 1901 351 1978 parata
372 1896 440 1959 fuit
459 1895 493 1958 in
518 1895 594 1959 loeo
612 1893 743 1959 deserti
764 1891 893 1958 huius?
923 1890 974 1957 At
994 1892 1045 1957 illi
1064 1893 1192 1978 gaudio
1214 1894 1340 1977 repleti
1357 1916 1430 1961 snr-

228 2004 395 2062 rexernnt
411 2018 540 2060 omnes.

693 2180 813 2249 Onrur
836 2182 963 2248 XXII.
1034 2213 1037 2216 ⁴

316 2338 424 2406 ¹Oum
441 2346 557 2405 antem
574 2340 641 2405 iter
657 2344 812 2424 agerent,
830 2338 919 2404 dixit
935 2339 966 2404 ei
986 2338 1132 2423 Ioseph:
1151 2339 1315 2422 Domine,
1333 2337 1429 2406 oalor

231 2444 332 2509 nimis
350 2443 517 2527 decoquit
533 2465 611 2508 nos:
636 2444 663 2507 si
682 2441 746 2508 tibi
764 2442 890 2525 placet,
909 2441 998 2506 viam
1015 2447 1195 2507 teneamus
1211 2443 1309 2508 iuxta
1324 2463 1428 2526 mare,

229 2553 268 2611 ut
292 2547 465 2630 possimus
497 2569 560 2630 per
585 2546 743 2611 civitates
772 2545 962 2610 maritimas
988 2543 1241 2628 requiescendo
1267 2545 1427 2612 transire.

228 2647 328 2714 Dixit
344 2649 375 2713 ei
392 2649 508 2713 Iesus:
539 2648 624 2714 Noli
642 2648 775 2728 timere,
792 2646 937 2730 Ioseph3
955 2667 1018 2731 ego
1036 2647 1123 2712 viam
1139 2647 1236 2713 vobis
1252 2647 1427 2731 breviab0,

230 2757 268 2817 ut
279 2751 371 2836 quod
390 2753 503 2836 spatio
520 2752 667 2836 triginta
683 2751 816 2816 dierum
834 2749 917 2815 ituri
935 2751 1051 2833 eratis,
1067 2751 1104 2816 in
1120 2750 1185 2816 hae
1200 2771 1271 2816 una
1281 2751 1336 2817 die
1353 2773 1429 2836 per·

229 2982 247 3017 n
260 2968 397 3032 Praecipio
410 2967 456 3016 tibi
469 2963 474 3033 Ι
487 2983 518 3016 ex
530 2967 609 3014 rantis
627 2968 656 3013 at
669 2977 717 3024 sn,
737 2976 772 3014 cu
785 2965 816 3014 de
829 2965 907 3014 ramis
920 2961 925 3030 Ι
940 2978 956 3013 ι
971 2963 1048 3014 Hane
1060 2964 1180 3014 benedici.
1194 2980 1272 3014 nuans
1286 2959 1290 3028 Ι
1304 2969 1332 3013 ut
1344 2980 1427 3014 omnes

230 3056 273 3120 qui
286 3058 312 3118 (Δ
328 3053 484 3120 quicumque)
504 3056 529 3103 io
547 3053 609 3118 aliq.
624 3052 654 3116 (ιι
668 3050 720 3101 add
733 3051 807 3116 dono)
821 3056 882 3103 eert.
896 3053 942 3102 nie.
961 3056 992 3101 nt
1005 3065 1057 3112 Αιις
1075 3063 1091 3101 o
1109 3055 1138 3101 ut
1153 3067 1218 3101 omn.
1233 3053 1276 3116 qui
1288 3053 1424 3102 certarniao

228 3143 309 3208 positi
322 3143 384 3201 aie,
403 3155 420 3190 ιι
432 3147 460 3192 ot
472 3158 555 3192 omnes
567 3144 610 3208 psi
628 3143 654 3192 ia
666 3157 810 3208 quousque
822 3145 883 3192 cert.
895 3142 986 3191 vicerit
999 3137 1003 3208 Ι
1017 3154 1033 3191 ιι
1047 3141 1151 3191 dicatur
1162 3143 1186 3191 ei
1193 3159 1201 3189 .·
1225 3142 1381 3199 Pervenirti,
1399 3147 1427 3192 et

231 3247 272 3279 orn
284 3231 406 3278 uictoriae
419 3226 423 3294 Ι
439 3243 454 3277 ι
468 3228 632 3278 Haerentem
646 3227 650 3293 Ι
665 3234 750 3278 etam.-
762 3242 779 3277 ιι
792 3228 844 3278 edd
854 3244 908 3277 eam
917 3244 1006 3291 magno
1019 3228 1153 3289 splendore
1168 3226 1172 3293 Ι
1186 3235 1210 3278 et
1223 3231 1343 3294 orij'eronr
1356 3248 1430 3280 unum

229 3331 260 3363 ea
272 3331 336 3364 ram.
354 3317 408 3364 eius
424 3321 455 3364 ut
473 3327 541 3373 non,
561 3316 624 3365 item
637 3327 656 3363 ιι
670 3316 724 3378 anfi
743 3329 817 3362 unum
829 3314 860 3363 de
872 3316 951 3362 raonis
969 3310 973 3378 Ι
992 3314 1088 3362 oolaoit
1101 3314 1130 3374 (n
1143 3315 1299 3379 notauitque)
1313 3342 1320 3352 ·
1334 3332 1380 3364 saa
1397 3323 1429 3366 nt

230 3414 283 3460 nn,
297 3403 361 3450 item
376 3412 391 3450 c
403 3405 428 3449 ei
439 3400 529 3449 uoloni
538 3417 587 3463 per
600 3400 706 3448 medium
719 3398 824 3458 caelum,
836 3399 929 3447 habens
941 3415 1004 3448 ram.
1017 3399 1120 3448 ardoris
1128 3399 1231 3462 palmae
1243 3400 1270 3447 in
1279 3415 1328 3449 mo.
1338 3417 1358 3450 s.
1369 3412 1428 3460 ete;

228 3499 319 3535 levero
333 3489 437 3533 tuntum
458 3485 504 3532 ivit
523 3483 611 3532 uoloni
630 3481 634 3545 Ι
657 3482 730 3543 Quod
743 3484 792 3530 vid.
810 3487 838 3542 (ιι
856 3482 909 3531 add
929 3481 1052 3544 universi)
1065 3508 1073 3518 ·
1087 3499 1158 3531 mm
1171 3484 1198 3545 (ιι
1211 3485 1263 3533 add
1278 3499 1328 3547 pre
1341 3487 1429 3535 timore

228 3568 325 3633 angeli)
339 3593 347 3604 ·
360 3571 454 3617 malai
466 3573 497 3617 ut
507 3580 557 3626 nn;
570 3569 634 3616 item
647 3583 665 3617 ιι
676 3568 781 3617 omissis
791 3567 935 3617 reciderunt
949 3569 1007 3634 inf.
1022 3584 1042 3616 ι.
1056 3572 1089 3624 ei,
1103 3579 1118 3617 o
1130 3568 1307 3634 Cumquhaec
1316 3572 1429 3621 vidnent

220 3655 294 3719 faeti
306 3670 325 3701 e.
341 3670 376 3703 oe.
388 3670 419 3701 m.
434 3651 438 3717 Ι
456 3653 552 3714 Quibus
564 3677 572 3688 ·
586 3653 778 3712 dissuentem
797 3665 812 3702 c
829 3652 896 3701 Tuae
908 3654 958 3704 les.
973 3654 1019 3704 lov.
1033 3657 1071 3702 eet
1083 3655 1117 3702 ad
1129 3670 1172 3703 eor
1182 3656 1248 3714 die,
1266 3670 1283 3706 a
1298 3657 1366 3706 Tune
1379 3658 1427 3707 les.

228 3741 315 3790 uidens
326 3756 367 3789 eor
379 3741 417 3788 iia
426 3740 582 3803 perterritos
599 3739 638 3786 ait
655 3739 693 3787 eis
712 3734 716 3800 Ι
740 3737 826 3799 Quare
836 3741 918 3803 form.
932 3741 1009 3790 obtin.
1024 3739 1053 3804 (n
1067 3748 1134 3792 tenet
1143 3741 1239 3807 form.)
1252 3744 1379 3793 corcione.
1398 3749 1428 3795 ut

225 3838 278 3887 An,
296 3828 360 3876 item
375 3838 422 3882 cn,
441 3825 488 3875 sed
503 3842 547 3873 ror
559 3829 666 3874 restrum
681 3822 685 3888 Ι
701 3827 761 3889 qaia
773 3830 804 3874 ut
818 3839 871 3885 nn;
891 3839 924 3876 cn
937 3829 1054 3891 quoniam
1069 3825 1073 3894 Ι
1088 3830 1113 3877 ia
1127 3830 1253 3891 paradiso
1267 3831 1296 3881 (ι
1310 3830 1384 3893 oum)
1397 3837 1428 3881 ut

226 3925 297 3972 lem
312 3926 327 3961 ιι
340 3929 381 3961 om
397 3909 401 3976 Ι
412 3917 511 3973 parata
523 3912 574 3960 erit
587 3917 617 3960 ut
629 3923 679 3970 Δις
697 3922 733 3961 cn
747 3927 788 3961 orn
798 3918 899 3973 parata
910 3910 915 3978 Ι
933 3913 1000 3963 vodis
1012 3920 1044 3963 nt
1056 3926 1124 3973 οιιιις
1138 3928 1155 3964 Δ
1169 3915 1239 3964 nobis
1251 3910 1256 3980 Ι
1271 3917 1297 3964 in
1310 3916 1365 3966 loro
1375 3918 1427 3967 dee.

225 3999 298 4047 Ιιιιὲιιι
310 4002 341 4047 ut
354 4010 404 4057 cn,
423 4011 440 4047 ιι
453 3999 479 4045 iu
490 3999 536 4045 hoe
548 3996 604 4046 loeo
616 3997 726 4055 deserti,
745 4009 762 4045 n
781 3998 807 4045 in
819 4000 893 4047 hrains
905 3999 961 4048 loeo
973 4000 1120 4050 solitudinis
1133 3999 1137 4065 Ι
1153 4004 1190 4050 Ar
1202 4027 1210 4037 ·
1224 4001 1318 4065 repleti
1330 4003 1359 4064 (n
1374 4004 1426 4052 edd

225 4089 283 4132 runt
295 4084 412 4146 rtsortor
424 4083 507 4148 effecti
520 4107 528 4118 ·
542 4097 625 4130 omnes
637 4086 668 4130 nt
680 4095 729 4140 nn;
743 4094 778 4131 cn
793 4076 849 4131 orni
872 4083 960 4133 Codex
975 4098 991 4133 n
1005 4087 1132 4149 pleraque
1147 4085 1225 4134 liuius
1239 4088 1337 4150 capitis
1351 4103 1400 4136 oin.

295 4166 379 4224 llllll,
400 4170 421 4216 1.
448 4167 508 4215 curn
526 4171 609 4215 autem
626 4164 654 4228 (o
673 4172 698 4215 et
710 4166 778 4228 dum)
795 4168 847 4215 iter
860 4193 868 4203 ·
881 4169 973 4230 Ioseph
990 4175 1021 4218 ut
1038 4181 1089 4230 ιιος
1109 4171 1174 4220 item
1187 4184 1204 4219 ιι
1218 4173 1281 4220 Pori
1297 4173 1359 4221 liaeo
1378 4175 1427 4223 iter

226 4255 356 4319 agentibus
368 4254 430 4318 ipsis
441 4253 508 4302 dixit
520 4253 572 4301 Ios.
585 4252 620 4301 od
633 4253 729 4308 Ιειιιιιις
743 4257 875 4303 ntuntnrn
889 4255 981 4320 Ioseph
994 4260 1077 4305 autem
1089 4257 1158 4306 dixit
1168 4258 1193 4306 ei
1205 4255 1209 4321 Ι
1225 4258 1341 4316 Domine,
1354 4260 1427 4309 calor

225 4341 299 4391 nimir
311 4341 340 4404 (Α
355 4339 413 4402 irie)
427 4365 436 4377 ·
449 4340 515 4390 aiam
528 4344 609 4389 unca.
628 4340 700 4389 iaxta
717 4355 788 4389 mare
801 4339 829 4404 (o
844 4345 923 4392 mea.
944 4343 1009 4391 niam
1026 4342 1117 4406 maris)
1132 4368 1141 4380 ·
1154 4345 1288 4410 resquierr.
1302 4349 1382 4397 trans.
1398 4350 1425 4409 (n

226 4426 393 4494 requiescere)
410 4431 442 4478 ut
454 4439 523 4488 non,
542 4441 559 4476 ιι
572 4428 645 4477 Dom.
664 4429 782 4493 qnoniam
798 4432 866 4478 eolus
882 4430 973 4480 titinius
991 4431 1112 4495 decoquet
1128 4447 1185 4490 nos,
1204 4433 1228 4481 si
1245 4433 1283 4482 oio
1301 4438 1427 4485 teneamus

228 4519 292 4568 nium
304 4518 395 4575 marie,
414 4521 443 4567 at
455 4523 511 4576 eto,
529 4529 547 4566 ιι
560 4516 633 4565 Dom.
648 4516 721 4567 calor
739 4517 786 4566 iste
804 4518 858 4569 dee.
875 4533 933 4576 noo,
952 4522 977 4568 et
989 4517 1064 4568 valde
1076 4517 1186 4585 difficile
1202 4524 1241 4569 eet
1257 4520 1328 4570 nobis
1344 4522 1382 4572 ire
1399 4524 1425 4571 in

228 4605 353 4672 Egyptum
360 4610 470 4671 propter
481 4611 601 4655 montom
612 4605 721 4663 deserti,-
740 4606 822 4654 adhue
834 4605 978 4655 ,r’nzwrl
986 4606 1073 4656 diebus
1085 4623 1162 4672 nequo
1179 4607 1205 4656 ia
1217 4607 1339 4673 oppium
1351 4626 1424 4675 opor·

228 4698 292 4742 teret
307 4708 352 4743 nos
368 4692 506 4741 amouere.
533 4692 562 4741 Si
580 4692 627 4742 titi
639 4693 728 4754 ploret
741 4719 749 4729 ·
763 4693 926 4757 requiescere.
947 4690 951 4756 Ι
972 4694 1073 4743 nDicit
1089 4690 1093 4757 Ι
1115 4710 1160 4758 ego
1180 4695 1244 4742 uiam
1264 4720 1272 4731 ·
1289 4694 1359 4757 ut(1>
1373 4695 1422 4759 iia)

210 4779 294 4842 'quod
306 4802 314 4814 ·
328 4779 353 4826 in
365 4780 412 4826 tae
425 4793 474 4826 una
485 4778 514 4838 (ιι
524 4778 579 4839 orn)
590 4779 615 4828 d.
623 4779 712 4844 peryle.
726 4782 757 4827 ut
769 4791 840 4838 ιιιιις
854 4790 888 4828 cs
900 4795 945 4842 ego
958 4780 1027 4829 oobis
1041 4780 1069 4840 (ιι
1082 4780 1136 4843 om)
1149 4781 1290 4830 mansiones
1308 4781 1424 4832 brevium
