3458 5640
744 614 1016 669 arcamariani.
1443 637 1483 683 ῃ

366 767 522 853 Denique
544 770 673 842 ciendam
690 770 809 855 penoris
830 765 907 832 libri
924 766 949 832 ii
965 772 1032 833 tres
1051 767 1108 852 qui
1126 767 1245 852 reliqui
1265 773 1351 852 sunt,
1373 767 1483 834 Mors

282 880 419 965 Pilati,
442 881 607 965 Iosephi
630 881 825 962 narratio,
845 879 1040 949 Vindicta
1063 876 1303 965 Salvatoris,
1326 882 1395 948 fere
1418 882 1481 948 toti

283 995 407 1061 nostris
426 994 586 1061 debentur
604 994 732 1059 studiis.
776 992 939 1076 Iosephi
964 993 1096 1076 quidem
1118 994 1393 1061 narrationem
1417 995 1482 1061 iam

283 1106 436 1172 Birehius
458 1106 622 1171 Auctario
652 1127 713 1171 suo
742 1104 865 1185 codicis
893 1104 1072 1188 apocryphi
1100 1105 1301 1189 inseruerat,
1334 1107 1391 1172 sed
1413 1128 1482 1172 ma-

283 1217 351 1283 iore
374 1239 448 1283 cum
471 1218 652 1283 vitiositate
676 1237 775 1300 quam
797 1218 832 1281 in
855 1215 926 1299 ipso
950 1216 1062 1283 codice
1087 1222 1138 1282 est
1160 1238 1221 1283 neo
1242 1217 1313 1284 ulla
1335 1219 1482 1301 religiosi

284 1330 419 1394 editoris
442 1350 523 1394 cura
543 1327 703 1393 nillribita
748 1327 819 1392 Nos
838 1348 910 1391 eam
927 1349 966 1391 ex
983 1327 1110 1392 duobus
1126 1326 1294 1393 codicibus
1310 1327 1482 1412 descripsi·

284 1461 355 1505 mus
378 1445 411 1505 et
432 1462 505 1505 cum
527 1439 644 1504 critica
665 1459 744 1503 cura
760 1438 930 1504 edidimus
975 1437 1118 1503 Ultimos
1134 1460 1210 1503 vero
1228 1443 1392 1504 tractatus
1408 1438 1482 1521 duo,

284 1572 423 1635 quorum
451 1553 536 1616 alter
558 1550 668 1616 Mors
690 1548 819 1615 Pilati
841 1549 1048 1631 inscribitur,
1071 1548 1154 1615 alter
1176 1549 1371 1616 Vindicta
1394 1548 1481 1616 Sal·

285 1664 450 1747 ratoris,
485 1663 584 1746 primi
612 1663 646 1726 in
677 1664 783 1728 lucem
816 1661 1053 1745 protraximus,
1090 1660 1344 1745 anglosaxonice
1383 1663 1482 1729 etiam

285 1797 357 1840 cum
378 1775 492 1841 latinis
515 1779 608 1841 textu
632 1774 761 1840 collato.

369 1885 463 1968 Quae
482 1885 615 1969 quidem
636 1886 664 1950 si
687 1885 1003 1967 comprehendimus,
1025 1885 1100 1966 plus
1116 1884 1338 1968 quadraginta
1360 1885 1481 1950 instru-

285 1997 403 2061 mentis
440 1996 564 2062 criticis
595 1999 791 2079 apparatum
824 1995 998 2059 clarissimi
1030 1993 1182 2059 Thilonis
1214 2015 1393 2080 eorumque
1424 1993 1482 2078 qui

286 2105 377 2171 illum
407 2111 658 2189 praecesserunt
688 2127 809 2188 augere
840 2105 936 2169 nobis
969 2105 1118 2188 contigit.
1165 2103 1299 2187 Septem
1328 2105 1482 2170 editionis

287 2222 418 2283 nostrae
439 2215 569 2284 libellos
586 2217 684 2301 primi
701 2216 862 2296 dedimus;
886 2215 1098 2281 emendandis
1122 2215 1299 2300 evangeliis
1322 2216 1483 2301 antiquis·

286 2327 377 2394 simis
404 2350 488 2412 quae
519 2329 635 2395 Iacobi
663 2329 810 2395 Thomae
833 2327 1007 2395 Nicodemi
1039 2328 1227 2395 nominibus
1259 2329 1483 2414 insigniuntur

286 2440 460 2526 plurimam
490 2463 622 2526 operam
654 2441 889 2526 impendimus3
921 2440 1124 2525 reliquorum
1156 2440 1240 2507 nihil
1270 2439 1482 2510 nonlabore

284 2560 396 2620 nostro
420 2554 628 2621 emendatum
650 2560 710 2620 aut
731 2553 933 2620 illustratum
955 2554 1074 2638 prodit.
1113 2553 1179 2620 His
1195 2552 1314 2620 studiis
1330 2552 1482 2619 omnibus

287 2669 348 2733 etsi
370 2690 440 2733 rem
463 2689 596 2751 gravem
619 2689 705 2752 quae
729 2666 989 2751 intelligentibus
1012 2667 1091 2733 viris
1114 2667 1244 2733 videtur
1267 2667 1424 2733 maiorem
1447 2665 1482 2732 in

286 2779 416 2845 modum
443 2784 630 2864 promotam
658 2801 729 2846 esse
755 2780 960 2864 confidimus,
988 2784 1099 2846 tamen
1122 2801 1332 2866 nequaquam
1355 2780 1404 2845 ita
1426 2778 1502 2846 ah·'

287 2892 421 2960 solvisse
443 2892 540 2959 nobis
555 2893 702 2959 videmur
725 2898 763 2959 ut
785 2893 850 2958 iam
868 2892 991 2959 nostris
1010 2899 1070 2958 aut
1086 2893 1228 2959 aliorum
1243 2914 1384 2977 quorum
1398 2893 1483 2959 hanc

286 3005 470 3073 litterarum
493 3011 622 3092 partem
644 3005 799 3073 subtilius
822 3027 918 3073 nesse
941 3006 1073 3072 intersit
1092 3006 1263 3072 desideriis
1286 3006 1418 3090 penitus
1439 3005 1483 3071 sit

287 3119 491 3186 satisfactum
504 3121 536 3204 ¹).

376 3335 398 3400 1)
422 3336 544 3388 Ceteram
569 3337 622 3387 tria
645 3341 710 3388 sunt
727 3353 743 3387 a
761 3337 875 3387 Thilone
898 3339 927 3387 in
952 3353 1025 3386 auam
1047 3337 1260 3402 apocryphorum
1284 3338 1481 3402 evangeliorum

288 3422 475 3472 collectionem
498 3425 607 3487 recepta
625 3438 692 3487 qnae
716 3423 743 3472 in
767 3427 884 3472 noctram
908 3438 962 3472 non
986 3423 1144 3487 recepimus.
1181 3422 1296 3472 Primum
1321 3426 1363 3472 eat
1386 3437 1482 3473 eran·

288 3508 407 3572 galium
427 3504 613 3557 Marcionis
631 3524 662 3556 aa
679 3511 834 3559 auctoritate
852 3513 961 3557 nemum
978 3515 1191 3560 monumentorum
1208 3511 1362 3572 deceptam
1379 3510 1411 3558 at
1429 3511 1483 3558 Aa·

284 3596 358 3654 pasto
371 3591 458 3639 Koba.
494 3590 544 3639 Eat
562 3590 630 3640 illud
649 3607 680 3641 ex
699 3608 796 3656 genero
815 3593 882 3641 aatis
902 3592 1007 3642 diverso
1025 3608 1041 3642 a
1059 3593 1171 3656 reliquia
1190 3608 1257 3657 quae
1276 3593 1403 3642 dicuntur
1420 3599 1482 3657 ape·

287 3674 393 3739 cryphia
413 3675 574 3739 evangeliiss
597 3674 684 3726 Lucae
703 3677 773 3726 euim
794 3677 960 3741 evangelium
981 3682 1030 3734 cst,
1049 3677 1147 3726 studiis
1167 3677 1311 3726 Marcionis
1330 3677 1482 3727 mutilatam

287 3766 314 3811 et
332 3767 495 3827 corruptum.
532 3762 628 3813 Potest
646 3779 709 3813 vcro
732 3780 763 3813 ex
784 3764 948 3827 Epiphanio,
973 3763 1142 3813 Tertulliano
1167 3769 1195 3813 ct
1218 3764 1324 3828 dialogo
1343 3763 1482 3814 Pseudori·

287 3848 401 3913 geniano
424 3850 510 3899 multe
534 3850 634 3900 rectius
657 3848 725 3900 disci
750 3866 815 3914 qnos
839 3850 886 3900 ille
911 3851 986 3900 loeus
1009 3851 1156 3915 expulerit,
1181 3852 1245 3901 item
1270 3866 1336 3914 quos
1361 3851 1482 3914 inprimis

286 3948 358 3981 suam
381 3933 414 3983 ad
437 3938 555 3984 mentem
577 3935 735 3990 mutaverit.
760 3951 837 3999 quam
858 3935 1076 3999 quemadmodum
1100 3937 1206 4000 singula
1230 3951 1350 3999 quaeque
1374 3936 1481 4001 legerit.

286 4014 380 4064 Parnm
399 4016 469 4065 enim
488 4017 595 4080 quidem
615 4021 677 4080 apte
697 4017 819 4067 llahniua
839 4033 896 4066 oum
916 4033 1000 4081 eoque
1019 4019 1111 4076 Thilo,
1137 4019 1186 4067 viri
1206 4018 1354 4076 clarissimi,
1379 4021 1482 4068 textam

286 4116 363 4164 quem
390 4103 534 4151 Marcionis
561 4102 687 4152 dixerunt
712 4104 851 4152 maximam
878 4111 981 4168 partem
1009 4105 1203 4154 conformatum
1222 4103 1264 4166 ‘vad
1293 4103 1426 4154 editiones
1454 4105 1482 4155 ln

286 4187 385 4237 scholis
405 4188 527 4253 vulgatas
551 4187 702 4238 ediderunt.
739 4190 832 4239 altero
855 4189 1014 4254 libelloqui
1038 4189 1107 4254 apud
1126 4190 1267 4240 Thilonem
1291 4190 1403 4255 legitur,
1427 4205 1482 4240 nen

286 4274 350 4323 item
374 4273 444 4339 apud
470 4290 531 4334 noa,
559 4276 710 4340 explicatur
734 4276 767 4326 de
795 4276 910 4327 codice
939 4276 1107 4344 evangelii
1136 4276 1298 4328 lobannis
1321 4273 1434 4328 Parisiis
1455 4278 1482 4328 ab

285 4379 360 4413 acero
377 4363 568 4428 templariorum
585 4365 715 4416 tabulario
734 4372 874 4417 oaceroolo.
914 4365 987 4426 Quae
1005 4382 1047 4416 rea
1066 4382 1146 4431 quum
1165 4381 1220 4416 non
1238 4365 1272 4414 ad
1290 4364 1481 4431 antiquitatem

287 4449 465 4504 Christianam
488 4453 535 4505 sed
559 4453 593 4505 ad
615 4455 766 4506 recentiora
789 4460 911 4521 tempora
929 4456 1068 4521 pertineat
1086 4480 1117 4492 -·
1137 4454 1195 4520 ipse
1213 4455 1283 4506 enim
1303 4454 1385 4505 codex
1404 4471 1482 4519 quem

287 4555 317 4589 ea
335 4538 488 4603 antiquiore
508 4540 614 4591 fluxisse
633 4541 740 4607 fingunt
759 4545 875 4592 aetatem
895 4557 1028 4592 sacrorum
1048 4542 1258 4591 instauratorem
1277 4556 1331 4590 non
1354 4540 1393 4591 ita
1416 4542 1481 4591 mul·

287 4628 342 4675 tum
364 4624 525 4675 antecedere
548 4625 655 4676 videtur
675 4653 704 4664 ·-
724 4634 916 4691 praetereaque
940 4626 1079 4676 arbitrium
1104 4626 1240 4690 templarii
1264 4626 1380 4676 auctoris
1403 4641 1481 4676 eran·

287 4713 356 4778 gelio
376 4711 505 4762 Iohannis
527 4714 676 4763 mutilando
701 4714 889 4779 interpolando
911 4713 1106 4779 corrumpendo
1124 4713 1213 4765 simile
1232 4713 1339 4780 quidem
1358 4714 1395 4763 ait
1412 4713 1482 4763 anti·
