3458 5640
721 631 994 684 rnonnoounue.
1382 624 1454 696 m

262 801 414 847 successu
435 786 473 845 ut
495 802 580 846 nova
603 803 664 846 sua
686 781 826 851 Graecis
840 780 971 846 Latinis
987 780 1104 864 Coptis
1126 781 1245 847 mirum
1267 782 1301 848 in
1323 782 1455 849 modum

262 894 508 960 commendaret
529 895 636 978 iisque
659 900 772 960 vetera
794 893 866 959 loco
889 898 1036 959 moveret
1058 899 1159 977 atque
1182 895 1427 980 exstingueret?

347 1017 441 1101 Quae
469 1038 568 1100 quum
597 1018 646 1081 ita
674 1017 754 1099 sint,
782 1014 956 1096 concludo,
984 1021 1061 1080 acta
1082 1014 1185 1081 Pilati
1214 1039 1299 1101 quae
1327 1018 1369 1083 ad
1396 1039 1456 1085 nos

261 1135 482 1213 pervenerunt
499 1131 534 1194 in
554 1130 602 1194 rei
627 1150 753 1194 summa
772 1129 814 1194 ab
834 1129 874 1193 iis
897 1149 981 1212 quae
1000 1128 1066 1193 iam
1087 1129 1230 1196 secundo
1252 1130 1383 1196 saeculo
1403 1153 1455 1196 ex-

261 1241 387 1306 stitisse
403 1240 556 1305 Iustinus
571 1240 669 1306 docet
690 1261 756 1306 non
779 1240 909 1305 diversa
931 1260 1012 1322 esse,
1034 1240 1098 1304 nisi
1122 1241 1208 1324 quod
1233 1242 1354 1306 sensim
1376 1242 1456 1307 mul·

263 1351 407 1416 lilariam
433 1352 608 1416 immutata
629 1356 730 1434 atque
752 1349 955 1432 interpolata
977 1350 1141 1415 censenda
1162 1356 1248 1416 sunt.
1292 1351 1386 1436 Quae
1408 1353 1456 1418 in·

262 1462 438 1546 terpolstio
469 1484 568 1545 quum
598 1462 695 1545 plane
725 1483 765 1527 ex
796 1482 887 1526 more
918 1460 1183 1544 apocryphorum
1213 1462 1373 1528 librorum
1402 1462 1455 1546 sit,

262 1579 331 1638 tum
362 1572 548 1657 significata
575 1575 617 1639 ab
645 1574 725 1658 ipsis
752 1578 803 1639 est
823 1573 989 1639 ueteribus
1000 1575 1036 1656 ¹).
1079 1574 1170 1639 Mira
1200 1578 1311 1640 autem
1341 1580 1454 1641 textus

261 1686 419 1769 uarietas,
442 1707 526 1770 quae
550 1687 583 1751 in
606 1687 750 1752 textibus
772 1687 896 1753 nostris
919 1692 953 1752 et
975 1686 1220 1753 commentariis
1243 1692 1320 1753 ante
1344 1685 1454 1754 oculos

261 1798 372 1881 posita
395 1803 453 1880 est,
475 1799 751 1882 interpolatorum
773 1803 885 1881 partes
908 1798 1091 1864 luculenter
1114 1803 1266 1864 testatur.

346 1919 413 1984 Per
437 1939 533 2001 quem
557 1924 590 1983 et
612 1939 677 2001 quo
706 1918 843 1984 consilio
873 1919 954 1984 haec
982 1923 1058 1983 acta
1085 1919 1268 2002 composita
1295 1924 1456 2002 putemus,

262 2031 296 2095 id
324 2052 432 2114 neque
460 2051 575 2114 perse
599 2029 732 2094 dubium
761 2034 811 2095 est
838 2035 872 2095 et
894 2029 1016 2094 dudum
1047 2051 1068 2094 a
1099 2029 1210 2094 multis
1241 2030 1457 2113 probabiliter

263 2143 387 2209 dictum
410 2148 469 2209 est.
512 2141 708 2226 Composuit
730 2142 816 2208 enim
837 2141 1047 2209 Christianus
1071 2165 1110 2208 ex
1132 2141 1267 2208 Iudaeis
1291 2143 1482 2240 oriundus,x

264 2255 296 2323 id
320 2255 408 2342 quod
435 2261 469 2324 et
496 2255 563 2322 stili
593 2263 626 2322 et
653 2278 763 2322 rerum
792 2261 826 2323 et
854 2256 982 2323 consilii
1011 2256 1099 2322 ratio
1126 2256 1255 2323 abunde
1284 2255 1393 2340 docet,
1424 2263 1457 2324 et

264 2370 395 2456 quidem
415 2371 450 2436 in
474 2393 547 2438 eum
568 2370 666 2437 tinem
688 2377 726 2436 ut
748 2358 963 2456 popularibus
986 2371 1053 2436 suis
1076 2370 1116 2437 de
1132 2369 1265 2436 Christo
1284 2369 1362 2438 lesu
1383 2377 1456 2454 pcr-

263 2485 415 2551 suaderet
445 2486 635 2551 testimonio
667 2484 938 2569 gravissimorum
965 2483 1166 2550 Iudaeorum
1193 2484 1227 2548 in
1259 2475 1456 2550 auctoritate

263 2598 536 2681 constitutorum,
574 2618 688 2663 eorum
719 2598 776 2680 qui
811 2597 909 2662 rebus
947 2596 1028 2679 ipsis
1059 2595 1287 2661 interfuissent
1318 2597 1455 2680 ipsoque

261 2729 369 2772 rerum
398 2714 515 2774 eventu
543 2708 584 2773 ab
613 2709 775 2773 acerrima
797 2706 972 2771 inimicitia
993 2706 1034 2771 ad
1057 2706 1154 2771 finem
1176 2705 1316 2788 perculsi
1340 2712 1456 2772 essent.

263 2817 358 2903 Quod
382 2819 430 2883 ita
451 2819 530 2885 iecit
551 2824 598 2900 ut,
620 2819 789 2903 patefacta
802 2818 1030 2897 *accusationis
1054 2818 1168 2883 fraude
1187 2822 1220 2883 et
1235 2817 1456 2884 damnationis

260 2929 435 3013 iniustitia,
458 2929 628 2995 Christum
651 2929 885 2997 comitantibus
907 2928 1072 3012 portentis
1091 2935 1265 3010 mortuum,
1288 2928 1387 2995 tertio
1404 2927 1457 2994 die

263 3063 302 3106 ex
324 3042 463 3106 mortuis
486 3042 682 3108 mirabiliter
705 3042 738 3107 in
761 3042 863 3107 vitam
891 3041 1093 3123 restitutum,
1125 3041 1266 3125 denique
1288 3041 1395 3105 risum
1421 3040 1456 3136 in

263 3154 371 3220 coelos
399 3161 579 3220 assumtum
602 3159 762 3221 narraret.
805 3153 1042 3220 Narrationem
1065 3158 1174 3219 autem
1198 3175 1289 3218 suam
1312 3152 1361 3217 ita
1383 3175 1457 3219 con·

264 3267 369 3331 texuit
390 3273 429 3331 ut
450 3268 554 3333 multa
577 3267 742 3333 canonicis
765 3266 942 3351 evangeliis
965 3265 1090 3331 tradita
1112 3288 1178 3331 non
1201 3272 1269 3330 tam
1292 3270 1456 3349 repeteret

264 3400 362 3460 quam
385 3378 587 3445 fundamenti
609 3378 682 3445 loco
705 3384 851 3461 poneret.
896 3376 988 3462 Quos
1012 3382 1185 3460 praeterea
1207 3378 1314 3442 fontes
1338 3377 1457 3443 adierit

263 3491 326 3555 etsi
348 3512 414 3555 non
437 3489 550 3574 liquet,
572 3496 683 3558 tamen
706 3489 787 3574 quin
809 3489 968 3554 nonnulla
991 3512 1030 3553 ex
1050 3488 1138 3553 fama
1152 3487 1293 3554 fideliter
1310 3511 1367 3554 ore
1381 3510 1455 3572 pro-

260 3605 384 3685 pagata
406 3605 440 3666 et
460 3602 608 3686 potuerit
630 3602 756 3668 discere
779 3606 812 3666 et
834 3600 988 3666 adhibere
1012 3599 1177 3681 debuerit,
1206 3622 1246 3666 ne
1269 3600 1455 3666 hominibus

262 3713 304 3780 ab
325 3718 434 3780 aetate
458 3713 584 3780 Christi
613 3736 679 3781 non
702 3714 751 3780 ita
772 3713 869 3798 longe
892 3713 1029 3779 remotis
1052 3712 1201 3779 fraudem
1223 3713 1334 3796 potius
1357 3734 1455 3796 quam

261 3826 434 3892 historiam
465 3826 595 3892 tradere
627 3826 807 3910 rideretur,
844 3849 882 3892 eo
915 3826 1022 3890 minus
1055 3825 1169 3891 dubito
1201 3847 1266 3908 quo
1298 3825 1454 3892 maiorem

261 3936 337 4002 libri
365 3944 516 4002 eventum
544 3943 702 4003 testatum
730 3939 897 4003 habemus.
941 3936 1035 4001 Idem
1058 3959 1136 4002 sero
1163 3939 1262 4001 etiam
1290 3942 1455 4003 testantur

261 4047 408 4129 ipsorum
430 4053 579 4113 textuum
601 4053 790 4113 nostrorum
813 4048 876 4113 loci
899 4046 1041 4129 aliquot,
1073 4070 1212 4130 quorum
1235 4069 1319 4131 quac
1342 4051 1391 4113 est
1414 4046 1454 4112 ad

262 4157 419 4222 canonica
440 4158 601 4241 quaedam
623 4157 709 4222 ratio
733 4159 867 4222 minime
890 4156 1087 4241 negligenda
1110 4163 1168 4221 est.

348 4382 368 4447 ¹)
388 4384 427 4434 Cf.
446 4386 567 4451 inprimis
586 4387 719 4450 Epiphsn.
740 4387 843 4435 haeres.
863 4387 894 4435 Ia.
915 4382 1203 4448 (Quartodecimanor.)
1228 4400 1297 4433 num.
1312 4385 1335 4434 1.
1360 4379 1453 4448 ἕτεροι

263 4464 294 4518 δὲ
312 4500 321 4511 ·
339 4501 346 4511 -
365 4462 431 4519 ἆωὸ
449 4464 513 4536 reip
532 4463 631 4536 ᾰκτωμ
651 4465 740 4538 ὑίιθεμ
761 4463 892 4519 Πιλάτου
912 4464 1033 4533 αὐχοῦσι
1053 4462 1110 4535 reip
1129 4464 1271 4535 dxplssercp
1296 4463 1453 4535 εῡριικὲμαι,
1492 4459 1495 4469 ’

264 4550 296 4621 ἐμ
316 4550 361 4603 oio
379 4550 539 4622 ἑμῲὲρεται
556 4551 594 4622 τῇ
613 4548 675 4620 ωρὸ
695 4551 772 4604 ὁισὼ
793 4550 947 4622 καλαμὸῶμ
964 4550 1148 4620 ’λωριλλὶωμ
1173 4546 1226 4620 τὸμ
1252 4548 1376 4618 σωτῆρα
1397 4566 1454 4602 ωε-

264 4638 410 4710 ωομθέμαι
429 4675 458 4685 ..
477 4638 518 4690 ἔτι
538 4639 568 4691 δὲ
588 4639 713 4711 εῦρομεμ
733 4637 901 4710 ἁμτῑγραῲα
921 4638 951 4691 ἐκ
969 4636 1033 4708 τῶμ
1054 4633 1184 4690 Πιλάτου
1203 4637 1235 4707 ἐμ
1255 4637 1301 4688 olo
1320 4636 1452 4708 σιιμαίμει

264 4721 326 4793 rupo
345 4723 509 4796 ὄεκαωὲμτε
529 4725 683 4797 καλαμὸῶμ
696 4725 880 4796 ’λωριλλίωμ
899 4723 935 4778 τὸ
953 4726 1059 4777 ωαθοσ
1077 4723 1265 4794 γεγεμιῑσθαι.

1149 4825 1244 4859 sess·
