3458 5640
263 566 324 630 178
481 566 713 618 averteremur
731 565 881 618 moster
900 566 1068 616 barrama.
1095 565 1165 618 XIV.
1183 566 1239 616 XV.

261 714 395 781 fantem
410 721 509 780 tuum
525 715 569 779 ad
587 713 783 779 docendum
798 714 851 778 vel
868 713 912 781 ad
923 712 1234 797 disciplinandum
1250 715 1326 796 ipse
1343 721 1464 781 eutem

262 817 372 883 multa
388 818 555 901 gravitate
573 823 609 881 et
624 816 799 900 sapientia
814 815 970 900 repletus
988 821 1050 881 est.
1073 814 1165 881 Eece
1177 836 1269 881 nunc
1280 816 1364 883 tolle
1383 838 1462 884 eum

263 941 341 988 cum
357 920 483 1007 gaudio
499 921 535 986 in
553 920 692 986 domum
708 914 813 1002 tuarir,
833 920 953 1004 frater,
971 921 1053 1004 quia
1068 919 1218 1005 gravitas
1235 941 1337 1004 quam
1354 921 1463 989 habet

263 1025 437 1092 adomino
455 1024 537 1092 data
558 1029 612 1090 est
633 1024 677 1090 ei.
722 1026 734 1059 ⁴
755 1021 842 1090 Oum
864 1022 1023 1091 audisset
1037 1023 1139 1092 Iesus
1154 1024 1358 1110 magistrum
1375 1024 1464 1093 talia

263 1130 448 1214 dicentem,
468 1128 592 1195 hilaris
608 1127 722 1195 factus
739 1135 794 1195 est
814 1135 850 1195 et
866 1128 1018 1196 dicebat:
1049 1128 1141 1196 Eece
1158 1150 1262 1224 nuno,
1282 1132 1462 1217 magister,

262 1256 341 1301 vere
359 1234 490 1300 dixisti.
515 1233 666 1318 Propter
681 1239 716 1299 te
729 1222 916 1317 'reerigere
933 1232 1039 1300 habet
1054 1233 1114 1317 qui
1131 1240 1206 1300 erat
1220 1241 1388 1301 mortuus.
1413 1234 1464 1301 Et

263 1337 346 1402 tulit
363 1358 441 1401 eum
460 1336 589 1420 Ioseph
605 1338 642 1400 iri
660 1334 797 1402 domum
814 1357 921 1402 suam.

286 1575 380 1627 Csrur
399 1575 470 1625 XIV.
506 1573 681 1634 QUOMODO
700 1573 800 1624 lasus
819 1573 1012 1626 trasnavlr
1030 1572 1136 1624 lacos
1153 1572 1178 1621 A
1197 1572 1439 1625 Psacusslorrr

761 1657 963 1708 SERPBN'I'IS.

348 1808 488 1874 Direxit
510 1813 625 1874 autem
641 1806 770 1892 Ioseph
787 1805 892 1873 Iacob
914 1806 958 1873 ad
975 1805 1206 1891 colligendam
1224 1808 1404 1891 stipulam,
1427 1815 1464 1875 et

265 1919 408 1980 secutus
429 1918 576 1979 osteum
592 1910 704 1978 Iesus.
735 1909 842 1978 Iacob
858 1917 974 1978 autem
991 1910 1187 1996 colligendo
1204 1911 1378 1995 stipulam,
1394 1933 1464 1977 mo·

263 2015 391 2083 mordit
415 2036 493 2081 eum
512 2015 645 2098 vipera,
671 2020 707 2080 et
727 2014 857 2080 cecidit
880 2016 916 2079 in
942 2020 1070 2081 terram
1090 2015 1191 2097 quasi
1218 2020 1373 2079 mortuus
1398 2035 1463 2098 per

262 2140 443 2186 venenum.
489 2114 645 2202 Cumque
671 2117 757 2184 talis
779 2117 926 2184 vidisset
948 2116 1064 2200 Iesus,
1091 2115 1238 2182 sufflavit
1261 2117 1297 2182 in
1322 2117 1462 2202 plagam

263 2222 354 2304 eius,
379 2228 415 2287 et
436 2220 552 2287 subito
576 2241 682 2287 sanus
702 2219 817 2286 factus
840 2226 894 2286 est
908 2218 1032 2304 Iacob,
1054 2226 1090 2286 et
1103 2220 1222 2304 ripere.
1241 2225 1378 2286 mortua
1398 2226 1462 2286 est.

393 2465 485 2517 cirus
504 2467 559 2516 XV.
596 2464 770 2525 QUOMODO
789 2465 889 2517 IESUS
909 2464 1161 2517 arsusclravrr
1178 2464 1332 2516 PUERUM.

349 2636 463 2702 ¹Post
481 2656 611 2721 paucos
635 2635 710 2702 dies
733 2634 849 2700 infans
871 2634 1005 2702 ricinus
1029 2636 1104 2701 eius
1126 2634 1313 2702 defunctus
1335 2639 1404 2717 est,
1426 2641 1463 2703 et

263 2740 470 2825 deplorabat
486 2761 564 2806 eum
580 2745 691 2806 mater
707 2740 782 2805 eius
799 2738 910 2805 valde.
940 2738 1102 2806 Audiens
1119 2739 1185 2805 hoc
1200 2738 1302 2805 Iesus
1323 2738 1413 2804 abiit
1428 2744 1465 2805 et

263 2845 363 2910 stetit
379 2863 485 2927 super
500 2863 657 2928 puerum,
676 2847 712 2907 et
726 2842 879 2927 pulsavit
894 2843 930 2907 in
947 2847 1090 2927 pectore
1108 2843 1183 2909 eius
1201 2848 1236 2907 et
1251 2841 1355 2909 dixit:
1380 2840 1464 2908 Tibi

264 2947 357 3030 dico,
383 2947 515 3031 inians,
541 2945 614 3014 noli
636 2947 723 3012 mori
745 2946 806 3012 sed
827 2947 912 3012 vive.
953 2946 1002 3012 Et
1023 2947 1141 3012 statim
1162 2947 1314 3013 surrexit
1334 2944 1464 3012 inians.

263 3226 304 3276 cf.
317 3228 347 3276 il.
361 3227 489 3292 geminos.
514 3238 532 3274 υ
546 3226 585 3274 sic
597 3227 700 3290 pergit:
725 3225 831 3290 &resque
843 3227 887 3273 beo
899 3226 1012 3274 audisset
1025 3225 1077 3275 Ios.
1093 3225 1191 3281 timait;
1209 3229 1234 3274 et
1247 3241 1352 3274 currens
1364 3224 1464 3284 ibidem,

263 3314 330 3363 dixit
348 3313 382 3361 ad
394 3328 449 3362 eam
459 3311 582 3375 coaptatas·
593 3311 653 3360 s'llc:
678 3310 720 3359 Sc.
726 3312 768 3376 fr.
783 3312 843 3375 quia
859 3326 903 3374 epo
916 3313 1000 3373 recepi
1017 3313 1092 3360 istum
1110 3311 1302 3359 adamandam
1315 3310 1392 3374 (sic),
1412 3312 1466 3375 ipsc

264 3403 347 3448 autem
366 3398 447 3448 multa
461 3398 553 3462 pratia
569 3401 594 3446 et
612 3413 666 3460 sap.
683 3398 748 3461 repl.
767 3401 804 3446 ast
821 3423 829 3433 ·
841 3398 947 3462 frater,
965 3398 992 3445 io
1004 3398 1102 3447 doceam
1115 3402 1197 3455 taam,
1217 3398 1278 3462 quia
1287 3397 1378 3461 pratia
1391 3413 1466 3461 qaam

263 3484 338 3532 babet
356 3500 372 3533 a
384 3485 430 3532 deo
442 3484 507 3532 data
519 3487 557 3532 est
574 3482 624 3534 illi.
648 3484 768 3546 Apparet
786 3483 814 3531 ia
829 3483 870 3531 bis
884 3483 984 3531 rectius
994 3484 1086 3545 pratia
1098 3483 1152 3546 legi
1166 3497 1243 3545 quam
1264 3484 1291 3531 in
1306 3482 1328 3530 V
1330 3487 1366 3531 st.
1377 3483 1465 3545 praci-

266 3573 319 3617 tate
332 3572 360 3617 et
370 3568 496 3631 pravitas.

334 3657 359 3703 4.
378 3668 412 3703 n:
433 3653 492 3703 Oros
504 3657 586 3702 actem
600 3677 608 3688 ·
614 3653 708 3717 sactus
719 3652 832 3702 dicebat:
852 3652 920 3700 Ecca
932 3668 997 3700 scae
1008 3668 1093 3701 ceram
1105 3652 1203 3702 dixisti.
1228 3654 1280 3702 Per
1293 3659 1317 3703 te
1329 3669 1378 3703 ree.
1390 3652 1465 3702 habet

264 3742 307 3808 qui
319 3745 393 3791 mort.
399 3741 502 3806 fuerat.
529 3738 599 3790 stac
611 3743 694 3790 aarum
706 3738 757 3789 Ios.
771 3738 853 3789 Issam
866 3741 892 3789 in
904 3739 945 3790 ao.
958 3755 1036 3790 maro.

334 3844 404 3895 XIV.
424 3842 464 3894 Cf.
478 3859 572 3910 evang.
586 3843 678 3894 Thom.
693 3842 785 3894 Graec.
798 3845 828 3892 A.
845 3842 915 3893 XVI.
943 3842 1013 3893 Item
1030 3841 1247 3894 Pseudo-Matth.
1260 3843 1328 3892 XLI.
1359 3842 1464 3894 lnPar.

265 3930 323 3982 cod.
338 3931 530 3982 conferendum
544 3938 586 3980 est
599 3934 680 3996 caput
692 3930 746 3979 XL.
759 3930 830 3996 quod
842 3931 1013 3981 inscribitur:
1037 3928 1163 3992 Quoraodo
1176 3930 1248 3981 Iesus
1259 3931 1361 3980 sanavit
1374 3930 1465 3994 Ioseph

267 4034 284 4065 a
296 4033 388 4067 emeno
400 4019 511 4080 otpcrae.

333 4117 351 4153 1>
362 4103 401 4153 sic
412 4121 418 4150 z
432 4088 553 4152 Perrcait
564 4107 647 4153 autem
656 4103 748 4167 Ioseph
760 4104 795 4152 ad
804 4103 972 4168 cellr'peadam
983 4103 1113 4167 stipulam,
1127 4108 1152 4152 et
1160 4104 1292 4152 momordit
1302 4118 1355 4151 eum
1365 4104 1465 4165 vipera,

267 4193 292 4238 et
304 4189 435 4238 occiditis
448 4193 543 4238 terram
555 4191 629 4252 quasi
639 4193 753 4238 mortuus
760 4193 871 4253 propter
882 4205 1007 4238 ceccaum.
1036 4169 1108 4251 Quod
1121 4206 1175 4237 cam
1186 4189 1299 4237 audisset
1311 4188 1392 4245 loeas,
1410 4190 1463 4252 aas·

255 4274 337 4336 flacit
349 4274 375 4321 ia
384 4273 500 4337 plapam,
513 4278 538 4323 et
550 4274 632 4322 subito
643 4274 818 4336 cacassactru
829 4278 867 4322 est
878 4274 979 4336 Ioseph,
991 4278 1017 4322 et
1028 4275 1116 4334 vipera
1128 4277 1286 4321 mortuaest.

333 4372 389 4432 XV,
407 4376 420 4422 l
435 4379 463 4422 et
476 4376 500 4422 2.
519 4371 559 4423 Cf.
572 4389 666 4438 eveng-
679 4374 772 4423 'I'irom-
785 4372 878 4423 Graec.
892 4375 912 4423 Δ
926 4373 1011 4422 XVII.
1035 4375 1104 4423 item
1120 4374 1345 4423 Pseudo-Mattb.
1358 4373 1413 4436 XL.
1432 4388 1465 4422 ex

264 4461 293 4507 Β.
319 4458 351 4509 In
364 4459 424 4508 Par.
442 4458 501 4508 cod.
520 4464 601 4523 caput
612 4458 698 4509 xtrl.
715 4459 886 4509 inccribitur:
911 4459 1024 4525 Defllr'o
1041 4460 1169 4509 cuiusdam
1187 4460 1300 4510 molieris
1313 4475 1363 4522 per
1381 4458 1465 4508 Issam

263 4546 330 4594 citae
342 4546 451 4595 redds'to.
478 4544 565 4595 Verba
584 4551 674 4596 autem
688 4546 753 4595 haee
766 4546 863 4596 babet:
882 4546 945 4596 Post
958 4547 1013 4596 dies
1030 4547 1110 4611 ipr'tur
1119 4561 1217 4612 paucos
1233 4545 1321 4612 insano
1333 4545 1465 4594 cuiusdam

262 4632 340 4682 cicini
351 4636 464 4682 mortuas
475 4635 528 4691 est,
546 4637 571 4683 at
585 4631 710 4697 plorabat
721 4637 803 4682 mater
820 4634 874 4682 eius
885 4633 960 4682 vahla
974 4649 1024 4696 pro
1042 4649 1078 4682 eo.
1102 4634 1217 4683 Audiens
1234 4637 1317 4682 autem
1333 4631 1466 4682 toclacus

262 4719 327 4769 abiit
339 4721 364 4769 et
375 4719 448 4769 stetit
459 4734 514 4782 cup.
523 4734 597 4783 puer.
614 4724 640 4769 at
650 4720 764 4785 rafflacr't
780 4719 807 4770 iu
815 4723 921 4783 pectore
937 4721 992 4770 cius
1008 4725 1033 4770 et
1044 4720 1111 4770 diere
1130 4746 1138 4758 ·
1156 4721 1196 4771 Et
1206 4721 1349 4770 resurrexit
1367 4720 1464 4785 issam.
