3458 5640
526 615 760 665 avuncunlum
778 615 973 667 mensulae
991 615 1182 667 ABABlOUM.
1209 612 1317 664 xxxu.
1464 611 1523 675 197

326 763 388 828 ier.
416 761 614 846 Respondit
629 783 709 828 vero
726 762 812 829 hera
826 761 954 828 Maria:
978 761 1209 847 Ecquodnam
1226 761 1394 827 auxilium
1410 759 1525 847 petis?

326 887 492 932 aurumne
509 887 553 930 an
570 864 775 950 argentum?
791 888 836 932 an
852 872 891 932 ut
907 888 1034 951 corpus
1051 872 1149 932 tuum
1165 886 1186 931 a
1201 865 1300 949 lepra
1315 861 1525 931 mundetur?

324 968 375 1036 At
389 970 525 1054 rogavit
538 969 666 1036 mulier
680 970 764 1036 ista:
797 970 884 1055 Quis
903 970 970 1036 hoc
985 969 1070 1036 mihi
1088 968 1170 1035 dare
1187 967 1327 1055 potest?
1359 967 1425 1035 Oui
1441 967 1526 1034 hera

324 1072 448 1157 Maria,
465 1073 679 1156 Paullulum,
696 1073 823 1158 inquit,
840 1079 1014 1158 exspecta,
1032 1073 1144 1140 donec
1160 1073 1269 1139 filium
1283 1072 1525 1139 meumIesum

324 1178 466 1244 laverim
483 1185 519 1243 et
537 1177 682 1243 inlecto
700 1179 927 1263 reposuerim,
956 1178 1184 1262 Exspectavit
1198 1178 1333 1261 mulier,
1357 1181 1396 1241 ut
1410 1176 1526 1244 Maria

325 1282 356 1345 ei
374 1281 526 1361 dixerat3
548 1281 634 1345 haec
656 1287 772 1346 autem
790 1302 867 1346 oum
885 1281 1003 1347 Iesum
1025 1282 1061 1345 in
1078 1280 1169 1347 lecto
1186 1280 1376 1364 posuisset,
1398 1301 1524 1364 aquam

324 1405 393 1467 qua
417 1404 543 1467 corpus
569 1383 645 1449 eius
670 1383 831 1450 abluerat
854 1383 993 1449 mulieri
1018 1384 1218 1467 porrigens,
1250 1381 1361 1466 Oape,
1395 1383 1522 1467 inquit,

317 1486 544 1571 ,aliquantum
569 1486 672 1553 istius
697 1507 809 1571 aquae
836 1493 871 1553 et
895 1487 930 1552 in
952 1507 1078 1570 corpus
1104 1492 1202 1552 tuum
1224 1486 1374 1552 effunde.
1421 1484 1523 1571 Quod

300 1580 402 1654 'cum
433 1589 591 1672 fecisset,
623 1590 795 1673 extemplo
827 1589 994 1655 mundata
1025 1589 1127 1655 deum
1156 1588 1311 1655 laudavit
1341 1595 1376 1656 et
1407 1595 1523 1675 grates
1626 1580 1629 1586 ’

324 1695 392 1777 ipsi
413 1695 495 1778 egit.

769 1864 890 1934 Oscor
912 1864 1079 1932 XXXII.

410 2035 514 2104 Abiit
535 2059 616 2122 ergo
637 2043 822 2123 postquam
843 2039 997 2105 triduum
1023 2038 1116 2122 apud
1139 2039 1236 2104 illam
1258 2040 1401 2120 mansit,
1428 2043 1464 2105 et
1486 2039 1524 2104 in

326 2140 447 2207 urbem
468 2141 674 2226 perveniens
696 2141 784 2207 vidit
807 2141 857 2207 ibi
878 2142 989 2207 virum
1013 2142 1209 2226 principem
1230 2143 1289 2227 qui
1316 2142 1407 2208 alius
1431 2141 1525 2226 prin·

328 2245 414 2330 cipis
432 2246 536 2312 filiam
554 2247 701 2313 duxerat
714 2268 872 2313 uxorem:
894 2247 956 2313 sed
974 2269 1052 2314 cum
1068 2246 1215 2313 vidisset
1229 2246 1424 2330 mulierem,
1446 2266 1530 2312 con·.

328 2340 597 2434 spexerat'inter
613 2352 732 2418 oculos
751 2352 825 2417 eius
843 2352 981 2436 signum
997 2352 1115 2435 leprae
1132 2350 1245 2416 instar
1260 2350 1400 2431 stellae3
1422 2348 1525 2416 adeo·

327 2474 393 2538 que
414 2454 671 2520 matrimonium
692 2453 902 2520 dissolutum
925 2459 960 2520 et
980 2454 1118 2519 irritum
1137 2453 1269 2519 factum
1290 2453 1415 2520 suerat.
1445 2451 1523 2520 Hos

324 2558 386 2623 illa
401 2557 528 2623 mulier
548 2558 584 2622 in
605 2578 645 2625 eo
663 2563 756 2624 statu
775 2559 977 2643 conspicata
992 2558 1170 2624 moestitia
1185 2577 1371 2641 oppressos
1391 2562 1426 2623 et
1441 2555 1524 2623 fleu-

324 2667 376 2726 tes
394 2682 551 2727 caussam
569 2683 609 2727 ex
626 2662 697 2727 illis
715 2661 817 2727 fletus
835 2661 1017 2745 quaesivit,
1047 2658 1099 2727 At
1116 2659 1180 2743 illi,
1201 2659 1266 2743 Ne,
1288 2660 1463 2745 inquiunt,
1485 2660 1522 2725 in

323 2769 451 2828 statum
470 2769 628 2829 nostrum
649 2763 805 2847 inquire;
828 2762 982 2828 dolorem
1004 2762 1098 2827 enim
1118 2768 1275 2829 nostrum
1291 2763 1379 2828 nulli
1398 2767 1523 2828 morta

323 2866 408 2932 lium
419 2887 560 2932 narrare
573 2872 634 2931 aut
647 2865 708 2930 alii
720 2865 881 2949 cuiquam
892 2864 1028 2949 aperire
1038 2886 1234 2948 possumus.
1257 2864 1396 2931 Institit
1404 2869 1522 2931 tamen

323 2971 386 3037 illa
407 2976 512 3054 atque
535 2976 574 3036 ut
595 2970 684 3035 illud
706 2968 773 3035 sibi
794 2969 1053 3035 committerent
1068 2970 1217 3054 rogavit;
1239 2989 1315 3036 sese
1342 2969 1434 3034 enim
1455 2967 1523 3035 for·

324 3081 418 3141 tasse
444 3074 634 3139 remedium
660 3075 735 3139 eius
761 3073 1005 3139 indicaturam.
1047 3069 1135 3138 (lum
1161 3093 1243 3157 ergo
1268 3077 1524 3139 monstrassent

324 3176 392 3262 ipsi
409 3177 562 3261 puellam
585 3181 621 3242 et
636 3177 773 3261 signum
790 3176 908 3261 leprae
927 3175 1019 3261 quod
1040 3176 1133 3242 inter
1149 3176 1225 3242 eius
1242 3175 1364 3241 oculos
1380 3197 1523 3260 appare·

324 3283 395 3366 bat,
412 3281 478 3348 hoc
489 3285 688 3365 conspecto,
704 3281 781 3365 Ego
794 3301 944 3364 quoque,
961 3280 1078 3364 inquit
1091 3280 1227 3370 mulier,
1246 3300 1347 3363 quam
1363 3279 1420 3346 hic
1431 3279 1524 3347 vide-

324 3387 385 3467 tis,
402 3385 531 3451 'eodem
551 3384 671 3450 morbo
688 3384 940 3464 laboraveram,
962 3405 1039 3448 cum
1061 3384 1211 3448 alicuius
1233 3383 1367 3467 negotii
1389 3403 1522 3467 caussa,

325 3488 418 3572 quod
440 3487 530 3553 sorte
552 3484 636 3551 mihi
663 3484 865 3566 obvenerat,
886 3484 1155 3551 Bethlehemum
1176 3507 1251 3572 sum
1267 3485 1436 3569 proiecta,
1466 3485 1523 3553 Ibi

325 3592 525 3675 speluncam
543 3589 703 3674 ingressa
712 3588 893 3653 mulierem
909 3589 1049 3655 nomine
1060 3588 1209 3654 Mariam
1219 3588 1301 3671 vidi,
1319 3590 1522 3658 cuiusfilius

322 3700 398 3759 erat
414 3693 473 3776 qui
489 3692 591 3757 Iesus
607 3691 809 3757 vocabatur:
827 3690 914 3757 haec
931 3712 1007 3757 cum
1023 3713 1076 3758 me
1094 3693 1267 3776 leprosam
1283 3692 1438 3777 vidisset,
1455 3696 1523 3761 mei

320 3799 465 3861 miserta
487 3816 612 3879 aquam
629 3815 699 3878 qua
714 3793 778 3859 filii
801 3794 855 3860 sui
873 3815 998 3879 corpus
1020 3795 1153 3861 laverat
1174 3797 1258 3861 mihi
1274 3797 1440 3881 porrexit.
1469 3798 1524 3865 Ea

323 3920 448 3982 corpus
465 3918 577 3962 meum
595 3897 746 3981 perfudi,
765 3897 940 3963 etmunda
956 3898 1059 3964 evasi.
1083 3898 1261 3966 Dixerunt
1277 3923 1359 3987 ergo
1371 3900 1521 3969 feminae
1611 3947 1613 3949 -

321 4001 389 4066 illi:
426 4000 622 4086 Numquid,
650 4021 668 4065 ο
698 4000 854 4083 domina,
881 4024 1003 4087 surges
1030 4007 1066 4068 et
1090 4003 1272 4070 nobiscum
1296 4005 1522 4090 proficiscens

322 4105 495 4170 dominam
512 4104 629 4170 heram
640 4103 789 4169 Mariam
806 4103 907 4171 nobis
920 4105 1231 4173 commonstrabis?
1254 4102 1444 4175 Annuente
1460 4109 1523 4175 illa

321 4211 548 4273 surrexerunt
567 4212 603 4272 et
618 4205 661 4272 ad
679 4205 853 4271 dominam
870 4206 987 4273 heram
1004 4207 1152 4273 Mariam
1169 4209 1317 4292 iverunt,
1337 4210 1524 4295 splendida

322 4331 438 4375 secum
463 4330 609 4374 munera
630 4309 795 4374 ferentes.
833 4306 990 4394 Cumque
1015 4311 1215 4402 intrassent
1233 4319 1269 4379 et
1293 4335 1438 4381 munera
1461 4315 1523 4382 illa

322 4414 390 4498 ipsi
415 4412 643 4494 obtulissent,
669 4412 822 4496 puellam
847 4413 951 4478 istam
976 4413 1149 4498 leprosam
1176 4437 1278 4501 quam
1304 4417 1523 4486 adduxerant

390 4590 498 4640 xxxu.
521 4591 579 4639 Cim
596 4605 657 4654 erpo
672 4594 855 4640 monstrassent
870 4592 921 4655 ipsi
936 4591 1049 4654 puellam
1068 4617 1099 4629 ··
1116 4609 1170 4642 sum
1183 4595 1319 4659 profectu.-
1337 4594 1377 4645 its
1394 4596 1433 4646 lu.
1457 4597 1521 4647 Ver·

323 4679 395 4726 terat
408 4676 463 4727 sik.
480 4677 534 4725 its:
561 4676 620 4725 Gom
632 4692 692 4740 erpo
703 4680 875 4727 monstrarent
888 4702 897 4713 ·
910 4703 919 4714 ·
931 4681 957 4726 et
968 4678 1043 4743 sipoc
1055 4677 1142 4742 leprae
1155 4695 1238 4745 quos·
1253 4706 1261 4717 -
1274 4681 1445 4746 apparebant,
1453 4678 1521 4757 ,Epo

323 4779 426 4828 quoqa,
439 4763 522 4827 inquit
531 4762 632 4822 multer,
646 4788 654 4799 -
668 4787 677 4799 ·
691 4762 816 4823 morosi,
829 4769 854 4814 et
865 4763 1053 4814 Bethleberusm
1063 4765 1221 4829 ascetici-am
1233 4783 1311 4817 eausa
1318 4768 1440 4834 prolecto
1450 4785 1504 4820 m
