3458 5640
218 603 283 668 200
342 601 576 656 uvuuoamvm
593 600 787 654 munnulus
804 599 995 654 Aaualcuu.
1022 601 1138 653 xxxvl.
1156 602 1289 654 xxxvn.

218 734 373 819 membra
391 752 582 820 mordebat.
618 750 779 817 Audiens
803 771 885 836 ergo
901 757 1013 817 mater
1033 750 1137 817 huius
1153 753 1273 819 miseri
1289 751 1417 820 famam

219 856 324 925 herae
339 855 474 923 Mariae
495 861 531 922 et
546 855 610 921 filii
630 857 705 922 eius
722 852 804 920 Iesu
821 854 973 921 surrexit
993 875 1034 921 ao
1050 853 1158 921 filium
1175 877 1275 923 suum
1290 854 1416 922 Iudam

220 981 339 1028 secum
354 960 398 1026 ad
414 960 588 1026 dominam
604 957 753 1025 Mariam
769 958 923 1024 deduxit.
946 956 1094 1025 Interim
1103 958 1254 1027 Iacobus
1270 965 1307 1027 et
1314 959 1419 1028 Ioses

221 1064 398 1131 dominum
413 1062 531 1130 Iesum
547 1061 717 1129 infantem
736 1060 968 1145 abduxerant,
990 1067 1029 1128 ut
1044 1082 1121 1128 oum
1139 1064 1286 1131 caeteris
1303 1064 1420 1131 infan-

219 1167 315 1234 tibus
336 1167 514 1248 luderent3
535 1187 576 1232 ac
594 1165 695 1231 domo
717 1165 848 1250 egressi
868 1164 1110 1248 consederant,
1137 1172 1173 1234 et
1192 1187 1270 1234 eum
1289 1169 1340 1234 eis
1356 1167 1418 1249 do-

219 1271 335 1338 minus
349 1270 463 1336 Iesus.
487 1267 650 1335 Accessit
663 1266 771 1334 Iudas
787 1268 1034 1335 daemoniacus
1051 1269 1145 1336 etad
1161 1271 1317 1336 dextram
1332 1270 1416 1348 Iesu

220 1372 393 1456 consedit,
415 1380 489 1439 turn
510 1394 531 1438 a
552 1378 688 1454 satana,
710 1378 750 1437 ut
764 1371 840 1436 fieri
861 1370 1011 1454 solebat,
1035 1374 1221 1440 infestatus
1238 1374 1417 1441 dominum

221 1477 339 1543 Iesum
349 1475 507 1542 mordere
517 1474 634 1556 voluit,
648 1473 710 1539 sed
720 1493 789 1538 non
799 1474 924 1557 potuit,
935 1479 1051 1540 tamen
1062 1474 1153 1541 latus
1164 1475 1247 1542 Iesu
1258 1474 1417 1542 dextrum

219 1579 405 1665 percussit,
422 1577 515 1644 unde
530 1577 588 1642 hic
603 1575 687 1642 flere
704 1576 827 1660 coepit
851 1575 1035 1660 Extemplo
1053 1579 1158 1644 exivit
1172 1598 1214 1644 ex
1229 1599 1337 1663 puero
1354 1578 1419 1645 illo

221 1688 361 1749 satanas
382 1680 537 1766 fugiens,
562 1680 640 1747 cani
665 1678 788 1746 rabido
811 1680 946 1747 similis.
996 1680 1066 1747 Hic
1090 1688 1206 1748 autem
1228 1703 1330 1768 puer,
1356 1684 1418 1767 qui

220 1786 339 1854 Iesum
363 1785 538 1872 percussit
562 1792 597 1853 et
621 1804 663 1851 ex
684 1804 752 1870 quo
779 1791 917 1852 satanas
943 1784 1064 1851 foruna·
1078 1787 1175 1853 cenis
1198 1788 1315 1871 exivit,
1342 1793 1419 1854 erat

221 1891 330 1960 Iudas
350 1890 578 1974 Ischariotes,
604 1890 664 1974 qui
688 1888 789 1957 illum
809 1888 952 1959 Iudaeis
974 1890 1146 1975 prodidit;
1172 1899 1207 1958 et
1227 1891 1318 1957 idem
1341 1892 1421 1959 eius.

220 1997 325 2079 latus,
345 1995 382 2061 in
393 1997 692 2079 quopercusserat
702 2012 779 2058 eum
790 1990 909 2075 Iudas,
925 1993 1051 2060 Iudaei
1060 1995 1183 2062 lancea
1192 1995 1421 2062 confixerunt.

660 2177 780 2245 Oaror
803 2177 981 2248 XXXVI.

309 2316 396 2384 Cum
412 2336 490 2382 voro
507 2315 667 2381 dominus
685 2314 786 2381 Iesus
803 2321 936 2399 septem
957 2317 1083 2410 aetatis
1100 2337 1183 2384 suae
1200 2338 1312 2383 annos
1330 2338 1422 2384 com-

221 2421 398 2507 plevisset,
415 2419 471 2485 die
483 2420 633 2503 quodam
644 2419 849 2503 cumpueris
863 2417 1079 2503 aequalibus,
1096 2419 1118 2485 i.
1130 2438 1160 2485 e,
1178 2420 1238 2504 qui
1255 2421 1287 2486 ei
1304 2428 1420 2488 aetate

224 2544 402 2609 compares
424 2516 539 2604 erant,
560 2521 774 2588 versabatur.
809 2521 997 2587 Ludebant
1017 2527 1132 2588 autem
1154 2523 1190 2587 in
1212 2521 1301 2608 luto,
1324 2523 1420 2589 unde

211 2628 409 2696 'simulacra
424 2629 601 2694 asinorum
611 2624 715 2692 boum
732 2625 845 2692 avium
861 2625 1297 2710 aliorumqueanimalium
1312 2626 1422 2711 finge-

222 2732 317 2816 bant,
335 2737 371 2797 et
385 2752 450 2798 sua
465 2731 614 2815 quisque
631 2732 705 2794 arte
726 2729 878 2813 glorians
895 2751 995 2795 suum
1012 2751 1099 2814 opus
1115 2729 1296 2814 probabat.
1319 2729 1423 2796 Tunc.

223 2834 384 2902 dominus
400 2832 502 2900 Iesus
519 2833 607 2899 dixit
623 2832 758 2916 pueris:
789 2831 865 2917 Ego
886 2831 949 2899 illa
965 2854 1053 2917 quae
1070 2833 1139 2900 feci
1161 2833 1348 2900 simulacra
1367 2835 1421 2900 in-

222 2938 346 3007 cedere
367 2937 508 3005 iubebo.
546 2936 702 3021 Rogatus
724 2956 745 3000 a
765 2936 883 3019 pueris
904 2957 986 3002 num
1006 2936 1116 3022 igitur
1135 2938 1301 3004 creatoris
1324 2946 1420 3006 esset

222 3041 332 3127 filius,
354 3040 515 3109 dominus
531 3039 632 3106 Iesus
649 3038 712 3105 illa
727 3037 889 3106 incedere
906 3040 1022 3106 iussit:
1045 3060 1133 3125 quae
1150 3040 1321 3126 extemplo
1339 3041 1421 3109 sub-

223 3147 320 3214 silire
338 3150 542 3231 coeperunt3
562 3142 701 3228 deinde,
718 3165 796 3210 cum
812 3145 855 3210 iis
870 3144 1006 3210 veniam
1022 3143 1185 3228 dedisset,
1202 3168 1322 3214 rursus
1339 3146 1421 3214 sub·

223 3252 401 3320 stiterunt.
437 3249 586 3315 Fecerat
609 3254 725 3315 autem
749 3250 862 3315 avium
886 3269 1136 3334 passorumque
1160 3248 1305 3336 figuras,
1328 3273 1420 3336 quae

223 3378 301 3423 curn
321 3356 438 3423 volare
460 3354 554 3437 ipsas
576 3352 715 3419 iuberet
734 3353 911 3437 volabant,
937 3359 973 3419 et
996 3374 1073 3419 cum
1097 3360 1188 3420 stare
1213 3355 1420 3422 iuberentur

223 3457 477 3537 consistebant3
499 3477 575 3522 cum
592 3462 706 3522 autem
724 3456 839 3522 cibum
859 3462 894 3521 et
907 3461 1027 3539 potum
1044 3456 1094 3522 eis
1109 3459 1318 3542 porrigeret,
1341 3459 1421 3524 ede-

221 3561 309 3627 bant
324 3568 360 3626 et
373 3558 551 3626 bibebant.
581 3557 771 3641 Postquam
787 3557 951 3623 abierunt
964 3559 1064 3640 pueri
1082 3562 1116 3622 et
1130 3559 1333 3641 parentibus
1350 3562 1422 3626 ista

223 3664 297 3730 suis
313 3661 518 3744 retulerunt,
541 3660 704 3726 dixerunt
719 3660 791 3726 illis
806 3665 925 3744 patres
947 3660 1114 3745 ipsorum:
1147 3658 1283 3747 Oavete,
1306 3682 1325 3727 o
1342 3661 1419 3746 filii,

221 3768 350 3833 iterum
367 3784 443 3831 cum
460 3784 500 3829 eo
517 3763 770 3845 consuescatis;
793 3769 846 3829 est
865 3763 956 3830 enim
972 3763 1161 3847 veneficus3
1182 3764 1294 3850 fugite
1311 3765 1422 3851 igitur

224 3890 303 3937 eum
320 3875 355 3936 et
369 3868 486 3951 vitate,
504 3887 588 3934 neve
606 3866 733 3934 debinc
749 3869 969 3935 iterum'cum
985 3889 1025 3934 eo
1043 3867 1165 3935 ludite.

649 4053 769 4120 Carnu
792 4053 990 4122 XXXVII.

310 4189 467 4276 Quodam
489 4191 545 4256 die
568 4191 728 4283 dominus
744 4188 846 4255 Iesus
867 4211 943 4254 cum
959 4191 1077 4273 pueris
1094 4190 1292 4256 discurrens
1313 4198 1348 4256 et
1368 4192 1422 4256 lu-

223 4294 309 4360 dens
332 4291 507 4360 officinam
527 4292 688 4358 tinctoris
709 4291 906 4376 praeteriit,
930 4290 1028 4356 cuins
1048 4311 1172 4356 nomen
1196 4298 1270 4357 erat
1285 4289 1423 4374 Salem,

290 4485 409 4539 xxxvl.
427 4486 547 4537 ludebant
556 4491 640 4537 osum
651 4487 677 4536 ia
687 4485 741 4537 luto
752 4511 760 4523 ·
771 4484 930 4550 ·protabot.·
941 4486 981 4535 its
990 4485 1030 4538 l'l.
1040 4500 1088 4551 pro
1099 4483 1167 4536 Silii
1180 4486 1421 4550 interpretatione,

221 4590 289 4642 quoe
300 4575 339 4626 rio
349 4574 445 4626 habet:
459 4573 502 4639 qai
511 4573 626 4624 haderico
634 4574 722 4624 varios
730 4589 761 4623 ea
771 4572 1081 4639 lutosormoefisgeboot,
1095 4573 1188 4631 ariaco,
1201 4572 1282 4632 bocer,
1293 4571 1422 4633 calamo,

220 4669 246 4718 ot
263 4663 319 4717 olio
335 4661 501 4723 dissimilia,
519 4667 545 4713 st
562 4662 729 4729 sumpsitque
746 4676 818 4714 saum
835 4660 936 4711 iactam
953 4676 1016 4726 opas
1031 4676 1107 4738 svper
1121 4664 1277 4712 coemeram
1286 4659 1421 4725 plasmato

220 4749 312 4821 efferre
324 4749 464 4801 masto
