3458 5640
265 591 327 654 356
513 597 515 602 ·
662 592 772 643 ansas
791 593 917 644 menn.
944 592 991 646 vi.
1010 594 1070 647 vn.

263 741 332 806 vidi
354 743 477 807 statim.
520 741 568 805 Et
590 741 675 805 alius
690 740 837 805 Iudaeus
853 741 1007 806 exsiliens
1022 741 1117 806 dixit:
1141 740 1346 809 Gibberosus
1365 765 1471 828 eram,

266 853 301 910 et
322 847 429 911 erexit
451 864 503 909 me
523 844 632 910 verbo.
676 845 723 909 Et
746 843 830 909 alius
846 844 943 909 dixit:
965 844 1134 928 Leprosus
1157 866 1257 930 eram,
1280 852 1314 912 et
1335 847 1471 913 sanavit

265 968 317 1014 me
338 946 447 1013 verba.

756 1101 874 1169 Osann
896 1101 978 1171 VII.

348 1243 438 1308 Item
466 1249 501 1308 et
527 1242 647 1307 mulier
674 1243 838 1326 quaedam
862 1242 1031 1311 Veronica
1060 1246 1190 1311 nomine
1222 1267 1243 1312 a
1272 1245 1368 1329 longe
1400 1247 1468 1312 cla-

264 1347 367 1410 mavit
395 1343 554 1426 praesidi:
585 1343 712 1408 Fluans
735 1345 896 1426 sanguine
920 1365 1011 1408 eram
1035 1345 1076 1409 ab
1101 1349 1196 1411 annis
1219 1346 1404 1430 duodecim,
1431 1355 1469 1412 et

264 1448 361 1530 tetigi
385 1446 549 1511 fimbriam
572 1446 761 1510 vestimenti
785 1447 865 1528 eius,
889 1453 923 1510 et
945 1448 1059 1510 statim
1083 1447 1192 1511 fluxus
1209 1450 1379 1531 sanguinis
1401 1451 1468 1514 mei

263 1549 366 1614 stetit.
410 1545 540 1610 Dicunt
560 1543 697 1610 Iudaei:
727 1545 853 1630 Legem
879 1545 1039 1612 habemus
1062 1547 1232 1612 mulierem
1255 1547 1298 1612 ad
1320 1549 1467 1614 testimo-

263 1653 355 1718 nium
378 1672 445 1717 non
468 1649 589 1715 venire.

264 1918 319 1968 aidi
338 1953 345 1967 .
361 1952 368 1967 .
387 1917 422 1968 1>¹⁸
439 1919 466 1966 st
483 1920 555 1967 stans
572 1917 646 1966 iussil
663 1931 701 1965 ms
719 1915 813 1965 adduci
831 1916 865 1965 ad
883 1932 909 1964 se
926 1919 951 1965 el
968 1916 1036 1966 diait
1055 1918 1116 1966 milii
1137 1915 1279 1979 Quidvis?
1304 1923 1330 1968 ei
1347 1919 1403 1969 disi
1414 1919 1467 1970 Da·

265 2004 339 2060 mise,
357 2005 387 2050 ui
404 2002 512 2051 videaris.
547 2000 586 2050 ΕΙ
602 2001 670 2050 dixit
687 2000 748 2049 milii
764 2001 885 2065 Respice:
902 2005 928 2049 el
945 2002 1077 2066 aanseslins
1094 2002 1156 2060 uili,
1174 2007 1199 2052 ei
1215 2008 1316 2053 ses-ulus
1333 2020 1387 2053 sum
1403 2021 1467 2065 min,

262 2088 379 2151 pandens
396 2091 421 2135 ei
437 2087 541 2151 pratias
558 2102 636 2149 ayone
654 2086 659 2150 Ι
680 2085 720 2135 Ee
736 2087 773 2135 al.
789 2087 848 2137 Iud.
868 2078 915 2149 (Db
933 2088 1045 2150 quidam,
1065 2087 1126 2138 edl’r
1144 2091 1199 2148 om)
1218 2089 1292 2138 essil.
1312 2089 1357 2150 (n⁵
1374 2092 1467 2146 exiens,

267 2171 329 2221 eder
343 2168 494 2235 prosiliens)
513 2171 581 2219 dieii
598 2185 658 2218 eum
675 2162 736 2220 ΒΝ·
755 2170 817 2219 edl’r
833 2204 860 2220 ..
880 2182 931 2220 Aac
948 2170 1013 2220 Ilen
1031 2171 1371 2236 al31ud.(com)aurress
1382 2190 1468 2223 eoram

265 2254 355 2303 Pilato
372 2257 398 2303 et
412 2252 509 2318 populo
527 2254 567 2302 ait
589 2252 594 2316 Ι
622 2253 775 2302 Gitlerarus
793 2252 821 2318 (c
835 2253 1004 2318 pinderosus,
1028 2267 1045 2304 A
1061 2252 1190 2317 pithoeus)
1208 2271 1267 2305 eum
1286 2269 1337 2307 Anc
1356 2292 1386 2306 ..
1406 2250 1467 2307 nm

266 2341 328 2390 edpl
346 2357 438 2390 curvus
452 2339 456 2400 Ι
472 2341 554 2389 erexit
572 2354 630 2389 aum
650 2338 728 2390 ncn⁸⁰
747 2338 809 2389 adv*
828 2375 858 2389 ..
878 2354 895 2390 A
912 2340 1016 2399 direxit,
1035 2333 1069 2391 1>b
1088 2342 1309 2405 conscendendo
1329 2378 1359 2392 ..
1377 2355 1393 2393 c
1410 2348 1466 2392 tas·

263 2429 317 2474 iuni
335 2425 418 2484 aerbo,
443 2440 460 2475 A
475 2441 525 2489 per
542 2425 643 2473 endum
666 2425 671 2488 Ι
696 2425 734 2473 Es
752 2423 794 2487 (Ν
812 2439 869 2484 01u3
893 2416 927 2475 οῖ’
945 2424 1015 2487 iisne)
1034 2425 1071 2475 al.
1092 2417 1137 2488 (1)b
1154 2424 1207 2474 edd
1225 2427 1354 2483 exsiliens,
1372 2426 1406 2478 n*
1424 2427 1467 2477 Ju-

265 2513 344 2561 dasus
361 2511 458 2574 exiens)
478 2511 532 2560 uie.
548 2510 677 2575 lepram
693 2535 703 2546 ·
722 2511 825 2559 sanavit
842 2502 914 2571 (ι)ΜΝ
931 2509 1072 2573 mundavit)
1090 2527 1129 2561 rna
1147 2511 1219 2572 (νο
1237 2513 1291 2562 edd
1308 2512 1374 2575 sola)
1392 2514 1467 2563 eerla

265 2599 295 2663 (A
309 2617 359 2666 psr
377 2600 487 2651 aerium.
525 2598 558 2650 1>⁸
571 2598 624 2648 add
642 2598 729 2648 diam
745 2597 818 2657 Vola,
835 2598 971 2648 mundare:
989 2604 1014 2649 st
1031 2598 1103 2650 illico
1120 2599 1326 2650 mundatum
1343 2617 1361 2650 a
1378 2599 1466 2666 lepra)

264 2725 271 2738 .
292 2724 300 2739 .
326 2688 359 2738 n*
384 2689 451 2738 haee
475 2692 540 2737 ente
564 2686 603 2736 Iit
626 2686 695 2736 alius
712 2711 723 2722 ·
744 2686 897 2736 Gitberasus
915 2689 968 2737 eta.
994 2687 1087 2752 ponit,
1112 2687 1173 2737 eder
1196 2693 1259 2752 post
1281 2689 1466 2739 testimoninm

263 2773 383 2823 mulieris
402 2788 461 2837 esp.
482 2788 539 2837 seq.
560 2771 647 2821 addit.
669 2757 672 2768 ¹

334 2876 395 2928 VII.
420 2878 485 2926 Item
496 2880 523 2927 et
537 2876 566 2939 (n
579 2875 634 2938 om)
649 2892 707 2926 cum
721 2866 891 2927 Aac..n¹¹'⁰
910 2890 951 2924 om
969 2876 1038 2925 ilem,
1076 2875 1142 2925 lidl’r
1161 2877 1213 2926 eia:
1231 2876 1330 2927 Mulier
1347 2876 1466 2927 simililer

265 2964 364 3014 nomiae
381 2963 474 3014 Ver-an.
488 2965 556 3014 daie
570 2963 575 3026 Ι
591 2979 608 3011 a
626 2962 700 3027 lonae
718 2961 839 3011 clamavit
853 2961 972 3026 praesidi
989 2960 1017 3023 (A
1030 2961 1084 3011 add
1100 2962 1196 3027 disens)
1215 2979 1274 3013 eum
1286 2975 1337 3015 Aac
1357 2999 1385 3013 ..
1406 2955 1466 3015 ΒΜ

265 3049 327 3100 edl'r
345 3049 411 3100 diail
435 3048 439 3112 Ι
466 3048 595 3113 Sanpuine
604 3049 638 3114 fl.
652 3063 722 3097 srarn
740 3063 799 3097 cum
818 3038 878 3098 ΒΜ
898 3046 959 3097 adl'P
978 3081 1005 3098 ..
1024 3047 1181 3113 epraflusio
1198 3048 1329 3112 sanpuiais
1346 3048 1466 3107 senalus,

263 3148 281 3186 A
297 3136 399 3201 fluetus
416 3136 549 3199 sanquinis
568 3135 702 3198 patiebar,
728 3147 744 3185 n
761 3135 862 3199 fluxum
883 3149 955 3198 sanp.
972 3134 1077 3199 patiens
1100 3133 1105 3195 Ι
1129 3134 1161 3182 ab
1179 3131 1223 3196 (ec
1242 3133 1303 3184 edpr
1321 3133 1375 3197 om)
1393 3135 1468 3183 asnis

263 3221 340 3271 duod.
361 3220 389 3285 (n
409 3221 471 3271 edl'r
489 3221 566 3270 duad.
585 3219 658 3282 ann.)
677 3235 736 3270 cuni
757 3211 816 3270 »¹³⁰
836 3232 868 3271 nc
887 3219 947 3269 eddr
968 3254 996 3269 ..
1017 3234 1033 3269 A
1053 3235 1094 3269 oni
1116 3219 1121 3284 Ι
1144 3225 1170 3270 et
1187 3220 1275 3269 statim
1291 3245 1302 3255 ·
1319 3221 1390 3270 stelit
1409 3235 1467 3270 euin

263 3297 333 3364 Dm,
358 3307 422 3355 item
442 3305 504 3355 edilr
523 3310 548 3355 el
570 3309 642 3355 stelit
659 3306 763 3368 sanquis
784 3329 821 3354 ..·
834 3317 866 3355 Ac
884 3309 909 3354 sl
927 3308 988 3354 siat.
1010 3320 1074 3353 sana
1086 3304 1168 3368 saeta
1185 3320 1238 3353 siun
1257 3339 1286 3354 ..
1307 3307 1405 3368 npost
1420 3320 1467 3368 pa·

265 3396 329 3444 tiens
349 3396 438 3460 pergit
461 3399 486 3443 st
511 3399 617 3459 tangens
632 3395 722 3460 yinslr.
742 3409 779 3443 ae.
799 3394 854 3442 eius
871 3398 965 3442 sanata
982 3408 1035 3442 suns
1059 3394 1063 3455 Ι
1088 3393 1179 3457 Lepem
1197 3392 1313 3442 habemus
1332 3408 1390 3442 cum
1407 3384 1468 3443 ⁰⁸³⁸

267 3480 328 3530 adlr
346 3516 375 3531 ..
395 3495 445 3532 Aee
464 3482 496 3530 In
515 3481 570 3545 laps
588 3481 617 3542 (A
629 3481 682 3530 edd
701 3485 792 3538 aulem,
811 3479 913 3540 ceniai)
931 3480 1048 3528 labemus
1063 3477 1067 3540 Ι
1083 3493 1100 3528 A
1118 3478 1237 3528 mulieres
1251 3477 1255 3541 Ι
1271 3479 1370 3527 venire:
1388 3478 1468 3528 c'add

265 3565 316 3613 nisi
333 3564 413 3614 solunt
431 3566 521 3618 uirium,
539 3579 557 3615 A
574 3565 617 3613 sed
636 3564 807 3614 tandummodo
826 3565 903 3612 viras.

337 3649 481 3699 Praeterea
499 3650 572 3698 solus
584 3648 617 3698 1>¹
631 3649 658 3697 in
672 3647 725 3697 fine
742 3646 794 3696 add
808 3647 845 3695 El
857 3648 959 3711 quidam
972 3647 1084 3696 Iudaeus
1093 3651 1153 3710 past
1164 3646 1220 3694 alia
1231 3646 1298 3694 airis
1316 3644 1376 3694 Vidi
1387 3645 1470 3695 Iesum

267 3736 356 3785 aaaari
373 3737 408 3784 ad
425 3737 531 3800 nuptias
548 3751 603 3783 aum
619 3733 754 3798 discipulis
771 3734 824 3782 suis
842 3738 866 3782 et
883 3734 967 3782 uinum
984 3733 1092 3798 dejicere
1110 3735 1137 3782 in
1156 3734 1226 3781 Cana
1248 3732 1394 3782 Galilaeae.
1430 3728 1470 3783 Et

266 3841 321 3873 aura
332 3825 467 3890 defecisset
485 3824 577 3880 uinum,
593 3823 728 3887 praecepit
744 3822 869 3871 ministris
886 3826 914 3870 ul
932 3821 1066 3886 implerent
1083 3838 1128 3871 ses·
1144 3822 1250 3886 hydrias
1262 3836 1326 3885 quae
1343 3821 1378 3868 idi
1395 3824 1470 3869 eraut

266 3927 347 3976 aqua:
371 3916 397 3960 et
420 3911 557 3975 implerunt
574 3926 651 3973 usque
669 3910 703 3957 ad
722 3925 849 3957 sumntum.
887 3909 924 3957 Et
943 3909 1070 3958 benediail
1088 3925 1132 3958 eas
1149 3912 1174 3958 ei
1192 3908 1315 3958 convertit
1333 3924 1426 3971 aquam
1444 3908 1470 3956 iu

266 4002 358 4057 vinum,
378 4003 403 4048 el
421 3999 536 4049 biberunt
553 4013 636 4047 aennes
651 4001 739 4060 pentes
757 3997 913 4045 admirantes
930 4012 1006 4060 super
1024 3997 1070 4045 loa
1088 3998 1194 4060 sipnuns.
1226 3997 1264 4045 Es
1278 3995 1347 4043 alius
1359 3995 1472 4044 iudaeus

266 4088 337 4135 stelit
361 4087 387 4134 in
409 4086 491 4135 medio
509 4090 534 4134 ei
551 4086 618 4134 dixit
636 4086 694 4148 Epa
712 4085 766 4133 uidi
784 4084 867 4132 Iesum
889 4085 916 4130 in
936 4084 1113 4147 Oaplarnauns
1131 4084 1258 4132 docentem
1280 4083 1307 4130 in
1331 4098 1468 4147 synapapa.

266 4172 304 4220 Et
327 4172 354 4219 in
378 4187 508 4236 spnapopa
530 4174 588 4219 erat
610 4170 712 4232 quidam
736 4169 806 4217 darno
830 4168 923 4216 liabens
940 4168 1097 4217 daemonium
1120 4173 1144 4215 et
1167 4167 1288 4215 elainavit
1305 4166 1391 4215 dicens
1408 4165 1470 4214 Sine

265 4272 318 4305 me:
346 4256 408 4319 quid
429 4255 501 4304 nolis
524 4259 549 4303 el
572 4255 630 4310 tili,
655 4254 714 4302 Iesu
739 4254 889 4302 Nasaresei
917 4254 1008 4301 venisli
1027 4254 1137 4316 perdere
1161 4254 1221 4302 nasi
1250 4253 1301 4300 seio
1320 4253 1379 4315 quia
1398 4254 1426 4298 tu
1443 4266 1470 4299 es

268 4344 371 4388 sanctus
389 4340 439 4389 dei.
477 4340 516 4401 Et
533 4340 675 4402 increpavit
693 4336 765 4386 illuns
784 4338 856 4385 Iesus
874 4342 899 4386 sl
915 4338 984 4386 dixit
1001 4337 1044 4385 illi
1062 4338 1206 4386 (limuiesae
1223 4337 1330 4400 spiritus
1346 4337 1470 4383 immunde

267 4429 292 4473 et
315 4425 357 4472 esi
381 4425 413 4472 de
436 4425 543 4473 domine.
580 4424 618 4472 Et
636 4423 723 4472 siaiim
742 4423 821 4471 esivil
837 4423 868 4470 de
885 4423 935 4470 isla
953 4421 1066 4485 nihilque
1090 4421 1132 4469 illi
1151 4421 1244 4471 nocuit.
1281 4420 1319 4468 Et
1336 4421 1397 4467 daea
1415 4421 1469 4482 qui·

159 4575 163 4582 Ι
268 4511 326 4558 dam
345 4510 503 4559 Pharisaeus
520 4509 587 4557 dieis
605 4510 663 4572 Epo
680 4508 734 4557 uidi
753 4507 818 4571 quad
835 4506 916 4556 mulia
935 4507 1010 4555 turba
1028 4507 1096 4554 venit
1113 4506 1148 4554 ad
1166 4506 1248 4554 lesum
1266 4521 1283 4553 a
1304 4504 1428 4553 Galilaea
1445 4509 1471 4554 el

268 4596 368 4645 iudaea
386 4599 411 4644 el
428 4595 559 4643 maritima
577 4593 705 4644 simultis
722 4592 867 4657 regionibus
884 4593 955 4640 eirca
973 4592 1118 4649 Iordanem,
1141 4595 1167 4639 et
1185 4589 1259 4639 mulii
1277 4590 1372 4655 infirmi
1389 4590 1469 4638 venie·

268 4684 328 4733 lant
349 4685 384 4732 ad
402 4700 469 4742 eurn,
492 4688 518 4733 el
535 4683 644 4732 sanabat
661 4699 753 4732 omnes.
791 4683 828 4730 Et
846 4681 934 4730 audiui
950 4680 1059 4742 spiritus
1077 4680 1215 4729 immundas
1231 4678 1371 4729 clamantes
1388 4683 1413 4728 ei
1431 4678 1469 4726 di·
