3458 5640
272 598 335 661 176
533 596 766 648 avanoanrou
785 596 931 647 rnonsn
950 595 1119 647 nsrrnuu.
1146 594 1208 647 x11.

272 748 364 814 dixit
385 747 525 832 quidam
547 745 641 811 dives
667 745 711 812 ad
732 745 877 830 Ioseph:
912 745 1077 826 Domine,
1103 744 1159 810 iac
1183 744 1269 809 mihi
1290 745 1475 828 grabatum

272 874 382 917 unum
405 857 440 917 et
460 849 546 915 utile
572 855 607 914 et
628 849 836 937 speciosum.
875 848 963 915 Erat
984 855 1100 914 autem
1120 846 1250 931 Ioseph
1272 848 1309 912 in
1327 846 1475 914 tribula·

274 956 387 1038 tione,
420 954 503 1037 quia
526 951 660 1037 lignum
686 951 780 1037 quod
805 950 957 1018 habebat
981 956 1096 1018 actum
1121 950 1165 1016 ad
1192 949 1258 1017 hoc
1284 970 1371 1034 opus
1398 957 1475 1016 erat

274 1058 388 1123 breve.
435 1055 679 1122 ’DixitIesus
702 1055 855 1122 adeum:
888 1054 972 1123 Noli
990 1055 1200 1122 contristari.
1234 1051 1474 1139 Apprehende

274 1162 341 1227 hoc
362 1160 495 1246 lignum
520 1159 562 1226 ab
589 1181 657 1225 une
681 1161 795 1244 capite
821 1166 857 1225 et
881 1181 944 1245 ego
969 1181 1032 1245 per
1055 1158 1167 1242 aliud,
1194 1163 1229 1226 et
1253 1159 1474 1225 extrahamus

276 1264 375 1329 illud.
416 1262 518 1347 Quod
540 1269 575 1327 et
595 1246 725 1327 iactum
747 1267 810 1327 est.
850 1260 898 1328 Et
918 1261 1035 1328 statim
1056 1262 1189 1327 invenit
1210 1260 1299 1326 illud
1320 1261 1408 1326 utile
1430 1259 1475 1326 ad

277 1367 343 1431 hoc
359 1365 453 1449 qnod
470 1366 587 1429 voluit.
618 1364 666 1428 Et
682 1363 770 1428 dixit
792 1362 836 1428 ad
852 1363 995 1447 Ioseph:
1026 1363 1133 1445 Ecce,
1156 1364 1277 1430 labora
1298 1363 1392 1447 qued
1411 1364 1474 1428 vis.

277 1467 406 1550 Ioseph
428 1473 544 1532 autern
565 1487 641 1531 curn
663 1464 809 1531 vidisset
825 1464 919 1549 quod
942 1464 1088 1548 lecerat,
1110 1466 1317 1550 amplexavit
1339 1485 1416 1530 eum
1440 1470 1476 1529 et

275 1570 380 1635 dixit:
411 1568 544 1635 Beatus
562 1589 638 1635 sum
654 1588 728 1652 ego,
746 1566 839 1652 quod
855 1567 961 1635 telem
977 1566 1087 1634 filium
1103 1567 1201 1634 dedit
1217 1570 1300 1634 mihi
1317 1567 1414 1634 deus.

314 1779 406 1832 cerm
424 1779 485 1832 x11.
522 1777 697 1839 eorumne
719 1744 1012 1831 rasus‘rnenrrus
1031 1779 1096 1830 aar
1119 1779 1166 1831 ro
1185 1776 1441 1831 nonrscennou

788 1866 966 1920 nrrrnms.

368 1982 442 2047 ¹Et
465 2002 541 2046 cum
561 1980 708 2047 vidisset
727 1981 856 2067 Ioseph
877 1983 969 2066 quod
994 1984 1098 2049 talem
1124 1985 1271 2068 gratiam
1295 1981 1478 2046 habuisset

280 2089 317 2150 et
332 2090 466 2150 statura
483 2083 676 2164 crescebat,
699 2084 944 2151 considerabat
959 2106 1037 2151 enm
1054 2085 1192 2152 tradere
1209 2085 1253 2149 ad
1271 2083 1476 2149 discendum

281 2187 428 2252 litteras.
452 2185 500 2251 Et
515 2186 662 2252 tradidit
678 2187 776 2252 illum
793 2188 836 2253 ad
853 2188 958 2255 alium
975 2188 1153 2254 doctorem
1172 2193 1211 2252 ut
1227 2208 1305 2253 eum
1323 2186 1475 2251 deceret.

213 2338 219 2352 .
279 2289 382 2356 Dixit
401 2294 517 2356 autem
537 2288 597 2354 ille
615 2289 738 2357 doctor
757 2291 800 2358 ad
816 2292 957 2377 Ioseph:
990 2289 1120 2378 Quales
1143 2291 1280 2357 litteras
1297 2289 1478 2355 desideras

281 2392 381 2458 illum
405 2414 552 2476 puerum
574 2392 723 2459 docere?
757 2395 955 2480 Respondit
975 2394 1105 2480 Ioseph
1132 2401 1166 2460 et
1187 2393 1288 2459 dixit:
1322 2392 1478 2457 Primum

283 2495 367 2561 doce
385 2497 417 2560 ei
434 2495 571 2561 litteras
588 2496 788 2580 gentilicias
805 2505 840 2563 et
855 2505 977 2583 postea
993 2497 1172 2564 hebraeas.
1204 2493 1347 2563 Sciebat
1362 2502 1478 2562 antem

283 2601 405 2669 doctor
421 2600 520 2666 illurn
537 2621 613 2667 esse
631 2602 781 2685 optimae
799 2602 1071 2688 intelligentiae,
1094 2607 1129 2669 et
1144 2599 1296 2668 libenter
1312 2600 1480 2685 suscipie-

282 2707 344 2772 bat
359 2728 447 2772 euni.
481 2705 622 2771 Etcum
639 2707 841 2790 scripsisset
857 2708 890 2772 ei
904 2708 1054 2792 primum
1072 2707 1295 2788 versiculum,
1317 2704 1409 2790 qnod
1426 2711 1480 2770 est

280 2831 304 2876 a
320 2816 355 2875 et
370 2810 402 2893 b,
420 2809 570 2876 docebat
585 2809 684 2875 illum
700 2830 763 2894 per
778 2810 977 2894 aliquantas
993 2810 1110 2890 horas;
1126 2809 1323 2877 Iesusrero
1340 2807 1480 2874 tacebat

284 2919 320 2980 et
343 2912 432 2979 nihil
455 2913 487 2979 ei
509 2913 701 2998 respoudit.
748 2913 760 2953 ²
780 2912 881 2979 Dixit
899 2913 1001 2979 Iesus
1022 2912 1066 2979 ad
1086 2914 1304 2998 magistrum:
1341 2909 1479 2977 Slvere

284 3019 451 3101 magister
472 3037 508 3082 es
532 3021 567 3082 et
581 3038 659 3083 vere
678 3019 746 3083 scis
764 3016 916 3100 litteras,
940 3017 995 3082 die
1017 3017 1102 3083 mihi
1123 3016 1364 3084 fortitudinem
1386 3012 1428 3080 de
1450 3036 1480 3096 a,

283 3194 319 3245 ad
332 3194 403 3260 quod
417 3193 497 3245 etism
511 3193 699 3258 adscripsimus
710 3193 810 3244 codicis
821 3208 838 3244 a
849 3202 931 3258 capnt
941 3194 1072 3244 XXXVII.
1087 3194 1158 3260 qued
1172 3194 1342 3244 inscribitur:
1361 3194 1403 3245 De
1415 3194 1483 3258 lipne

284 3297 333 3344 per
346 3281 428 3331 Issam
439 3280 556 3329 distento.

354 3365 413 3414 XII.
433 3364 473 3414 cf.
487 3381 582 3430 evang.
597 3365 689 3417 Them.
704 3367 803 3416 Graece
817 3369 838 3415 A
852 3366 920 3416 XIV.
939 3368 1008 3417 ltern
1021 3368 1065 3418 Pr.
1079 3367 1179 3416 Marah.
1193 3366 1339 3416 XXXVIII.
1360 3365 1482 3416 Ceterum

286 3452 320 3502 sd
333 3452 411 3500 buius
424 3452 512 3502 libelli
526 3453 737 3517 verhsprorime
751 3452 884 3503 accedunt
898 3469 964 3518 quae
979 3451 1092 3503 Grsbius
1105 3452 1151 3516 (sd
1165 3453 1236 3503 lren.
1250 3453 1272 3512 I,
1287 3454 1326 3503 17.
1340 3453 1356 3502 i.
1371 3467 1392 3502 e.
1407 3450 1428 3512 1,
1443 3454 1485 3502 20.

287 3536 358 3600 spud
371 3534 464 3596 Mass.)
479 3551 510 3586 ex
523 3536 615 3586 codice
628 3535 775 3587 Oxeniensi
788 3535 909 3602 (collegii
923 3535 1001 3601 Corp.
1015 3535 1129 3595 Christi)
1144 3539 1272 3600 pretulit,
1292 3544 1322 3587 nt
1340 3538 1391 3587 iam
1405 3537 1484 3586 'I'hilo

288 3619 353 3671 (led.
366 3637 455 3685 apocr.
468 3620 543 3670 thl
556 3626 584 3670 et
596 3618 680 3670 LXII.
695 3621 834 3672 indicavit.
860 3620 974 3688 Legitur
987 3623 1057 3673 enim
1071 3623 1116 3683 ihi,
1130 3639 1161 3673 eo
1176 3625 1264 3689 capite
1278 3622 1348 3689 qued
1362 3625 1485 3674 inscribi·

288 3714 344 3758 tur:
373 3706 500 3770 Quomodo
513 3707 585 3758 Iesos
596 3708 730 3759 discendes
741 3713 799 3758 erat
811 3709 927 3768 litteras,
946 3710 1017 3759 hunc
1035 3710 1062 3759 in
1076 3709 1195 3759 medum:
1220 3710 1259 3758 Bt
1270 3709 1352 3771 respit
1363 3710 1486 3773 moyere

286 3795 419 3858 imperiose
437 3795 724 3845 samdeceredr'ceude:
749 3796 908 3859 DieAlptc.
932 3797 1004 3847 Iesus
1021 3799 1160 3848 osredisit
1176 3798 1213 3846 ei:
1240 3795 1486 3859 Ibsnilridr'cprs'os

288 3882 349 3946 quid
361 3881 396 3931 sit
406 3882 481 3939 Bate,
494 3885 518 3931 ct
530 3882 667 3946 spadicam
679 3882 726 3932 siet
736 3883 796 3946 qaid
808 3883 842 3932 sit
851 3882 946 3948 Alphe.
966 3884 1004 3934 Et
1017 3884 1046 3933 ch
1058 3885 1120 3934 laec
1131 3884 1252 3948 crepister
1263 3883 1348 3934 iratus
1356 3884 1486 3948 percsssit

287 3968 384 4040 Iesum,-
403 3973 428 4018 et
442 3972 574 4033 postquem
588 3971 800 4032 perditssimus,
818 3975 931 4022 wisse
947 3975 992 4020 est.
1017 3971 1054 4019 llx
1074 3971 1166 4021 codice
1184 3986 1245 4021 vere
1259 3983 1278 4019 1>
1296 3970 1348 4019 huc
1365 3971 1487 4034 partinet

289 4059 371 4120 ceput
383 4053 530 4103 XXXVIII.
551 4055 621 4119 quod
642 4056 813 4106 inscribitur:
838 4056 997 4121 Deqssodem
1013 4056 1395 4120 mcyistreleesseitoprieete.
1421 4057 1486 4105 Ilius

290 4140 370 4191 verbs
383 4145 461 4190 sunt:

360 4228 382 4273 1.
401 4226 440 4273 Er
451 4242 504 4273 eum
516 4226 621 4275 vidisset
633 4205 684 4275 Ios.
698 4228 758 4290 quia
775 4226 851 4276 telem
860 4244 919 4291 pre.
932 4228 1040 4276 habebat
1055 4232 1080 4276 st
1092 4229 1178 4276 statim
1192 4227 1254 4289 (sic)
1268 4227 1409 4284 crescebat,
1429 4243 1486 4275 cosr-

288 4311 415 4360 sidoraes't
426 4327 480 4358 eum
492 4312 595 4360 beders
608 4313 642 4358 ad
654 4313 788 4361 discendos
800 4312 911 4363 litterar.
944 4313 1036 4361 Tradit
1049 4311 1113 4374 (sic)
1127 4317 1209 4361 eutem
1220 4327 1274 4360 carre
1288 4311 1336 4359 alii
1347 4312 1447 4360 doctori
1459 4317 1488 4359 set

290 4397 392 4445 deceret
404 4412 465 4444 eum.
490 4396 613 4460 Dicitque
625 4395 672 4444 ille
683 4396 773 4447 doctor
785 4397 819 4445 ad
831 4397 935 4460 Ioseph:
957 4397 1063 4459 Qualem
1073 4398 1186 4461 praticae
1197 4397 1329 4446 desideres
1339 4396 1447 4459 primum
1460 4401 1488 4445 set

289 4481 393 4531 doceam
404 4482 475 4531 mm?
499 4481 639 4546 Respondit
651 4481 742 4546 Ioseph
760 4487 785 4532 st
796 4483 864 4533 esais
875 4484 913 4532 si:
937 4484 1050 4534 Primum
1063 4484 1123 4533 dece
1135 4500 1189 4532 eam
1201 4482 1304 4532 litteras
1313 4482 1447 4546 partilium
1464 4488 1489 4531 st

285 4573 379 4633 postea
390 4569 519 4618 hebraeas.
544 4569 583 4619 Et
595 4585 649 4619 eam
660 4570 804 4632 scripsisset
815 4570 839 4619 ei
847 4571 957 4635 primum
971 4569 1127 4627 versiculum,
1145 4569 1210 4634 qaod
1223 4574 1260 4619 est
1273 4585 1289 4618 a
1306 4573 1331 4618 et
1343 4569 1366 4627 d,
1383 4569 1489 4618 decelat

290 4672 344 4706 eum
353 4672 403 4719 per
415 4656 564 4721 aliquantes
574 4658 665 4712 horas;
682 4657 755 4706 Iesus
767 4661 849 4707 eciem
861 4657 962 4707 taschet
974 4662 999 4707 el
1012 4657 1076 4707 aiod
1088 4659 1112 4706 ss'
1123 4656 1299 4720 respondebat.

359 4745 384 4794 2.
402 4743 480 4794 Dicit
491 4759 551 4809 erpo
563 4744 665 4794 tandem
678 4744 712 4793 ed
723 4745 887 4809 mecistrsm:
911 4743 942 4794 Si
953 4761 1012 4794 esre
1029 4744 1150 4808 mepister
1166 4760 1192 4793 ss
1208 4748 1233 4793 st
1244 4759 1302 4793 esre
1315 4742 1418 4793 litteras
1430 4743 1488 4801 scs's,
