3458 5640
516 569 751 621 avuncunlum
769 568 916 619 'IIIOIIAE
935 569 1105 619 LATINUM.
1132 568 1208 619 XllI.
1403 566 1463 630 177

261 741 325 805 ego
341 726 457 786 autem
474 718 585 784 dicam
603 717 668 783 tibi
686 715 928 782 fortitudinem
946 716 1031 781 deb.
1056 715 1155 782 Tune
1172 716 1287 783 furore
1306 717 1461 800 repletus

262 824 429 908 magister
451 823 527 888 eius
548 821 724 906 percussit
745 841 823 886 eum
847 821 883 885 in
908 819 1033 903 capite.
1079 819 1181 886 Iesus
1207 827 1324 886 autom
1349 821 1460 886 iratus

262 926 444 994 maledixit
459 946 548 1008 eum,
569 932 605 991 et
622 924 738 991 subito
756 925 885 992 cecidit
901 931 937 991 et
951 929 1108 991 mortuus
1126 932 1190 991 est.

346 1030 480 1096 ³lesns
511 1035 627 1094 autem
653 1048 833 1112 regressus
865 1034 919 1095 est
948 1028 984 1094 in
1011 1027 1148 1094 domum
1173 1051 1280 1095 suam.
1329 1029 1461 1115 Ioseph

261 1154 340 1201 vero
356 1133 533 1218 disposuit
547 1132 750 1198 adMariarn
766 1139 910 1199 matrem
928 1133 1014 1214 eius,
1031 1140 1155 1199 utnon
1173 1133 1366 1200 dimitteret
1383 1156 1460 1201 eum

262 1236 381 1322 egredi
399 1237 440 1302 de
458 1237 547 1302 atrio
564 1236 686 1301 domus
707 1258 800 1301 suae.

368 1428 462 1478 Carus
481 1429 555 1478 XIII.
592 1427 766 1486 QUOMODO
786 1428 869 1478 nnio
888 1427 1067 1478 MAGISTRO
1086 1428 1260 1479 TRADII’US
1280 1428 1351 1478 EST.

347 1563 357 1596 ¹
374 1562 461 1628 Post
476 1558 604 1626 multos
621 1558 708 1625 alios
725 1559 800 1626 dies
816 1559 911 1625 venit
926 1557 1016 1624 alius
1028 1559 1157 1642 doctor,
1175 1561 1307 1627 amicus
1318 1560 1458 1646 Ioseph,

262 1671 298 1732 et
313 1666 402 1733 dixit
417 1664 461 1731 ad
479 1686 570 1730 eum:
596 1663 710 1730 Trade
728 1685 806 1730 enm
823 1663 917 1744 mihi,
936 1670 971 1729 et
987 1685 1050 1748 ego
1068 1685 1145 1729 cum
1162 1664 1272 1730 multa
1288 1665 1459 1732 suavitate

262 1769 395 1836 docebo
418 1791 496 1835 enm
517 1769 664 1834 litteras.
694 1768 743 1834 Et
764 1768 852 1833 dixit
872 1768 915 1833 ad
939 1790 1017 1834 eum
1034 1766 1178 1852 Ioseph:
1211 1766 1248 1835 Si
1268 1771 1459 1853 praevales,

263 1874 383 1956 accipe
400 1893 479 1938 eum
495 1872 539 1938 ad
556 1871 863 1956 disciplinandum.
899 1871 981 1937 Fiat
998 1893 1073 1936 cum
1091 1871 1230 1955 gaudio.
1261 1871 1348 1938 Onm
1365 1893 1461 1938 aces·

261 1977 376 2060 pisset
397 1995 474 2041 eum
497 1975 632 2057 doctor,
653 1975 728 2040 ibat
748 1997 824 2039 cunr
845 1973 967 2039 timore
991 1979 1026 2039 et
1046 1996 1171 2057 magna
1193 1976 1405 2058 constantia,
1427 1982 1462 2041 et

263 2077 417 2144 habebat
437 2099 515 2143 eum
532 2100 608 2144 cum
629 2078 854 2144 exultatione.
901 2075 976 2142 ’Et
996 2097 1073 2141 cum
1089 2079 1244 2144 venisset
1264 2077 1308 2143 ad
1326 2077 1463 2144 domum

264 2179 427 2264 doctoris,
445 2180 578 2247 invenit
593 2180 720 2247 librum
740 2181 775 2246 in
793 2179 1003 2247 eodemloco
1021 2180 1202 2262 iacentem,
1221 2187 1257 2248 et
1272 2183 1465 2268 apprehen-

264 2284 318 2349 dit
337 2304 414 2350 eum
437 2289 472 2350 et
492 2284 643 2368 aperuit,
670 2288 705 2349 et
725 2306 793 2348 non
815 2282 957 2369 legebat
978 2304 1127 2366 eaquae
1151 2285 1283 2368 scripta
1305 2293 1404 2353 erant
1425 2289 1462 2355 in

264 2386 370 2470 libro,
395 2386 457 2454 sed
479 2387 661 2471 aperiebat
682 2409 719 2453 os
737 2409 837 2453 suurn
858 2393 893 2453 et
908 2387 1119 2472 loquebatur
1137 2386 1179 2454 de
1197 2389 1324 2473 spiritu
1341 2398 1461 2459 sancto

266 2497 302 2559 et
317 2490 466 2558 docebat
486 2492 607 2576 legem.
644 2490 774 2558 Omnes
791 2512 869 2559 vero
888 2491 948 2575 qui
969 2489 1100 2556 ibidem
1116 2491 1257 2559 stabant
1273 2493 1462 2579 diligenter

265 2617 343 2663 enm
359 2595 564 2680 audiebant,
586 2602 622 2662 et
636 2596 802 2681 magister
823 2595 883 2662 ille
904 2596 1002 2661 iuxta
1023 2595 1123 2662 illum
1139 2597 1285 2664 sedebat
1301 2604 1337 2665 et
1351 2598 1463 2666 liban·

265 2707 319 2768 ter
340 2722 419 2767 eum
440 2700 616 2785 audiebat,
645 2707 680 2768 et
701 2700 957 2785 deprecabatur
976 2721 1055 2767 eum
1076 2706 1116 2767 ut
1135 2701 1283 2788 amplius
1307 2703 1459 2771 doceret.

267 2803 353 2874 Cum
370 2807 519 2874 collecta
535 2808 661 2875 suisset
676 2806 779 2873 turba
794 2805 917 2889 multa,
940 2806 1132 2873 audiebant
1153 2829 1289 2875 omnem
1306 2813 1460 2876 sanctam

265 2910 456 2981 doctrinam
480 2936 582 2999 quam
606 2913 755 2982 docebat
779 2920 814 2979 et
835 2911 981 2980 dilectos
1008 2934 1185 2982 sermones
1211 2916 1271 3002 qui
1297 2915 1463 2983 exiebant

266 3017 309 3085 de
327 3041 384 3086 ore
403 3020 489 3102 eius,
507 3020 566 3104 qui
582 3018 732 3104 pusillus
751 3041 827 3084 curn
845 3024 938 3085 esset
953 3017 1039 3084 talia
1055 3018 1204 3087 dicebat.

352 3125 363 3159 ⁸
382 3122 467 3191 Oum
485 3124 643 3190 audisset
657 3123 796 3207 Ioseph,
818 3123 944 3205 timuit,
968 3129 1003 3189 ot
1019 3145 1162 3191 currens
1179 3125 1240 3190 ubi
1257 3130 1333 3190 orat
1348 3125 1461 3207 Iesus,

265 3227 431 3311 magister
451 3226 511 3292 ille
533 3226 621 3291 dixit
641 3226 684 3292 ad
709 3226 851 3310 Ioseph:
886 3225 1000 3309 Scias,
1022 3227 1145 3317 freter,
1169 3229 1252 3311 quia
1273 3229 1389 3311 recepi
1411 3229 1463 3294 in·

263 3436 307 3485 die
318 3435 380 3483 mihi
382 3436 565 3498 fortitudipem
577 3435 609 3482 de
621 3450 651 3491 a,
670 3438 695 3482 et
707 3450 751 3496 epo
763 3435 846 3482 dicam
859 3434 905 3483 tibi
908 3435 1093 3498 fortitudinem
1105 3436 1136 3484 de
1149 3435 1170 3483 b.
1198 3436 1367 3500 Taacsarore
1379 3436 1462 3499 reple·

264 3523 306 3568 tue
316 3520 438 3583 Μίνων
451 3520 579 3582 percussit
594 3534 649 3567 earn
661 3519 752 3581 capite.
777 3518 849 3568 Iecur
865 3523 948 3568 autem
966 3521 1049 3569 iratur
1060 3521 1194 3570 maauaie
1205 3537 1275 3579 earn,
1293 3526 1318 3571 et
1330 3522 1412 3571 sabito
1425 3539 1462 3571 ce·

262 3606 329 3654 oids't
339 3610 365 3656 et
375 3609 488 3655 mortuas
499 3610 544 3654 est.

332 3694 356 3740 3.
375 3691 448 3740 Iesus
458 3707 517 3740 vero
528 3707 645 3740 reversus
656 3695 695 3740 ert
705 3692 732 3739 ia
745 3717 753 3727 ·
768 3691 819 3741 Ios.
831 3708 891 3755 erpo
903 3692 969 3756 disp.
983 3709 1037 3742 eam
1049 3694 1083 3742 ad
1096 3718 1104 3729 ·
1117 3693 1284 3743 demersere.

332 3775 407 3824 XIII.
427 3773 467 3823 Cf.
481 3790 575 3840 evang.
588 3776 681 3824 Thom.
695 3774 789 3826 Graec.
802 3776 825 3824 Α
839 3776 893 3826 XV.
922 3777 991 3827 Item
1005 3777 1221 3827 Prendo-masso.
1235 3794 1328 3845 evang.
1342 3779 1461 3830 XXXIX.

263 3862 301 3911 llx
314 3860 373 3910 cod.
386 3861 444 3909 Par.
465 3860 515 3908 buc
528 3861 650 3923 pertinet
663 3868 744 3925 capnt
756 3862 874 3914 XXXIX.
893 3862 964 3927 quod
977 3863 1136 3926 inscriptum
1150 3868 1205 3912 ost:
1230 3865 1271 3913 De
1283 3865 1391 3928 quodam
1409 3866 1461 3915 alio

262 3946 385 4009 mistro
397 3945 465 4001 Iesu,
478 3946 549 3993 enias
560 3946 714 4009 benignitate
727 3949 799 3997 Iesus
810 3950 943 3998 suscitavit
954 3949 1103 4013 osculamus
1114 3947 1268 4012 defentam.

333 4033 356 4078 1.
372 4043 407 4080 D:
426 4031 489 4079 Post
501 4031 593 4079 scallor
604 4047 663 4079 vero
676 4057 684 4067 ·
701 4033 784 4080 Trade
795 4034 856 4081 mibi
868 4036 951 4082 [esaon
963 4039 988 4083 et
999 4050 1044 4097 epo
1057 4033 1138 4081 multa
1149 4049 1220 4082 sans.
1232 4034 1324 4084 docebo
1337 4052 1398 4085 earn.
1423 4037 1463 4086 Et

262 4141 273 4154 ·
285 4117 372 4178 καῖρε
389 4133 444 4165 eum
462 4132 517 4165 crem
527 4114 636 4178 ‘prrudr'm
661 4119 767 4181 Camqroe
784 4121 922 4182 acceptaret
936 4136 991 4168 eum
1002 4120 1042 4168 do.
1056 4118 1115 4177 ille,
1134 4119 1189 4168 ibat
1201 4137 1255 4168 curn
1268 4122 1320 4170 tim.
1332 4123 1358 4170 et
1369 4137 1462 4186 mapsa

260 4201 419 4252 sulcatione
430 4203 555 4253 deducens
566 4219 629 4253 eum.

332 4296 355 4344 2.
374 4307 392 4343 1>
402 4311 408 4340 ι
427 4294 466 4343 Et
477 4310 531 4342 eum
542 4295 651 4344 venisset
663 4320 672 4331 ·
685 4295 711 4343 ia
723 4295 809 4345 ecdem
821 4295 941 4345 iacentem
953 4299 978 4344 et
990 4309 1065 4358 appr.
1077 4298 1103 4344 et
1114 4294 1217 4357 aperuit
1228 4311 1283 4346 eam
1296 4321 1304 4332 ·
1318 4312 1382 4361 qaas
1394 4296 1421 4345 ia
1433 4313 1461 4347 eo

264 4382 363 4448 scripta
373 4386 456 4440 eruat
469 4381 514 4431 red
525 4380 627 4445 operuit
640 4407 648 4418 -
664 4383 754 4432 Onam
765 4385 848 4432 αιιίειιι
858 4383 901 4447 qai
912 4381 1002 4431 ibidem
1014 4381 1078 4432 stab.
1092 4380 1200 4433 libenter
1210 4383 1355 4441 audiebant,
1368 4388 1393 4434 et
1404 4401 1462 4436 eece

264 4475 313 4522 ·et
323 4470 398 4522 valde
410 4469 518 4521 libenter
531 4496 539 4508 ·
552 4471 590 4521 Et
605 4487 659 4520 cars
677 4470 786 4521 collecta
796 4471 840 4536 fn.
859 4469 946 4530 turba,
965 4471 1104 4522 nudabant
1119 4487 1203 4523 omnes
1218 4476 1332 4522 canosam
1346 4499 1354 4509 ·
1367 4472 1398 4523 de
1416 4489 1461 4524 ore

264 4559 318 4611 eiua
329 4559 453 4616 exiebant,
466 4560 527 4625 quia
539 4576 593 4608 curn
602 4575 700 4623 parnas
712 4562 776 4609 erret
788 4559 856 4608 talia
868 4559 976 4608 dicebat.

333 4651 357 4698 8.
375 4651 400 4698 et
412 4663 517 4697 erce-rear
532 4647 576 4696 ubi
591 4651 650 4696 erat
662 4647 741 4704 Iesus,
759 4647 881 4711 mopiam
898 4646 944 4697 ille
960 4647 1041 4696 dr'sit:
1059 4648 1097 4696 sic
1116 4647 1329 4711 transposuimus
1347 4661 1413 4710 quaa
1433 4647 1462 4697 in

265 4736 358 4788 codice
370 4736 398 4786 in
412 4737 483 4786 hunc
495 4735 601 4785 modum
615 4736 716 4798 scripta
728 4741 806 4783 sunt:
825 4738 850 4784 et
863 4750 967 4784 narrem
977 4735 1099 4798 mayr'rter
1111 4733 1158 4783 ille
1169 4733 1212 4782 sbi
1223 4737 1281 4782 erat
1294 4732 1373 4789 Inar,
1387 4733 1463 4781 aare.

317 4818 400 4867 evang.
411 4828 482 4867 apocr.
494 4820 528 4858 ed.
538 4817 691 4858 Tlrrtrsndort
708 4816 747 4856 lto.
758 4816 785 4856 11.
1217 4820 1249 4867 12

954 4960 1037 5026 ¹«l
