3458 5640
359 1423 623 1500 HISTORIA
651 1425 868 1499 IOSEPHI
899 1423 1067 1500 FABRI
1100 1426 1369 1502 LIGNARII.

336 1665 374 1715 IN
399 1663 540 1715 Nomas
565 1664 626 1715 Dlil
650 1663 757 1716 UNIUS
783 1663 821 1714 IN
845 1663 913 1714 SUA
937 1662 1106 1716 assuatis
1128 1666 1172 1716 un
1196 1666 1294 1717 TRlNl
1320 1667 1358 1717 IN
1382 1663 1461 1718 sins

371 1747 552 1802 Punsoms.

335 1837 503 1890 HISTORIA
516 1836 647 1890 nouum
661 1836 784 1889 Psums
798 1835 927 1890 bosam
941 1834 1067 1890 sanem
1086 1837 1187 1890 saule
1201 1838 1345 1892 [ossum
1357 1841 1462 1892 aiunl

369 1926 540 1980 nlouann.

335 2129 540 2186 benedictiones
559 2133 616 2186 eius
634 2136 662 2187 et
679 2148 769 2205 preces
787 2135 893 2186 servent
911 2150 959 2186 nos
978 2149 1084 2195 omues,
1108 2150 1124 2186 c
1143 2131 1256 2195 fratres,
1281 2151 1368 2187 amau.

334 2214 400 2269 l‘uit
418 2221 475 2270 tota
493 2215 578 2286 ipsius
595 2216 652 2270 vita
670 2219 777 2271 centnm
796 2218 823 2270 et
840 2214 966 2271 undecim
984 2233 1125 2278 annorum,
1144 2217 1313 2287 contigitque
1330 2216 1460 2287 migratio

221 2361 224 2368 ,
263 2299 324 2355 eius
348 2317 378 2353 ex
397 2299 449 2354 hoo
467 2299 568 2354 mundo
587 2299 714 2356 vicesimo
732 2303 807 2355 sexto
825 2298 890 2368 (die)
909 2298 1008 2354 mensis
1026 2299 1110 2363 abib,
1136 2301 1182 2370 qui
1206 2300 1351 2372 respondet
1375 2302 1463 2356 mensi

264 2387 316 2440 Ab.
352 2383 446 2439 Oratio
468 2384 525 2438 eius
542 2388 631 2439 servet
647 2402 709 2448 nos,
733 2402 819 2439 amen.
855 2384 892 2438 Et
910 2383 1018 2455 quidem
1037 2384 1163 2439 dominns
1181 2390 1273 2440 noster
1289 2387 1366 2441 Iesus
1383 2386 1461 2442 Obri-

264 2476 325 2526 stus
349 2470 391 2525 ille
414 2471 471 2542 ipse
495 2470 572 2538 (luit)
597 2470 644 2541 qni
666 2469 761 2526 retulit
784 2471 854 2526 hanc
876 2469 1041 2538 (historiam)
1066 2469 1204 2542 discipulis
1226 2472 1282 2527 suis
1306 2472 1408 2528 sanctis
1433 2472 1462 2527 iu

265 2562 357 2612 monte
379 2556 484 2619 oliveti,
509 2560 592 2627 atque
615 2573 721 2611 emnem
744 2555 863 2612 laborem
886 2557 943 2611 eius
962 2556 1091 2628 (iosephi)
1110 2562 1138 2612 et
1160 2557 1265 2612 dierum
1288 2559 1374 2630 ipsius
1399 2576 1460 2615 con·

264 2643 482 2699 summationem.
517 2641 642 2716 Apostoli
661 2647 752 2699 autem
770 2643 859 2699 sancti
876 2647 1069 2699 conservarunt
1087 2643 1158 2698 bunc
1176 2661 1326 2701 sermonem
1343 2648 1373 2703 et
1389 2644 1460 2702 litte·

262 2730 301 2786 ris
320 2730 511 2801 consignatum
528 2728 694 2799 reliquerunt
716 2728 744 2784 in
763 2729 926 2785 bibliotheca
944 2729 1148 2800 Hierosolymis.
1184 2729 1279 2786 Oratio
1297 2749 1390 2787 eornm
1408 2749 1460 2786 ser·
1500 2755 1504 2763 ·

263 2822 308 2871 vet
326 2835 383 2878 uos,
405 2834 491 2870 amen.
500 2815 528 2882 ¹).

777 2984 897 3052 Osann
920 2986 948 3051 I.

352 3139 509 3225 Contigit
531 3163 601 3207 una
622 3141 677 3208 die
697 3163 772 3207 cum
795 3142 945 3208 salvator
965 3143 1131 3225 magister
1148 3141 1232 3207 deus
1255 3148 1289 3207 et
1312 3142 1463 3208 salvator

264 3252 386 3312 noster
405 3246 507 3312 Iesus
531 3244 692 3313 Christus
716 3245 855 3311 sederet
879 3267 949 3312 uun
969 3267 1046 3310 cunr
1068 3246 1139 3310 suis
1162 3245 1360 3329 discipulis,
1383 3266 1462 3313 oon-

265 3353 469 3436 gregatiqne
491 3352 526 3416 in
543 3357 659 3417 monte
679 3351 796 3418 oliveti
813 3372 931 3417 omues
949 3357 1080 3433 essent,
1103 3357 1141 3416 ut
1161 3350 1294 3416 diceret
1310 3349 1397 3414 illis:
1431 3347 1459 3416 Ο

264 3456 391 3521 fratres
409 3464 444 3521 et
459 3457 561 3521 amici
578 3458 655 3538 mei,
678 3455 741 3520 filii
758 3456 867 3539 petris
885 3456 1019 3539 quivos
1037 3455 1144 3537 elegit
1164 3453 1204 3518 de
1224 3454 1383 3519 omnibus
1404 3454 1462 3518 ho·

263 3559 427 3623 minibus.
465 3555 571 3624 Scitis
588 3580 641 3623 me
659 3559 754 3624 vobis
772 3558 911 3640 saepius
929 3556 1091 3621 retulisse
1110 3556 1202 3639 quod
1226 3562 1385 3639 oporteat
1407 3576 1460 3621 me

264 3660 421 3744 crucifigi
444 3668 479 3726 et
498 3663 584 3726 mori
601 3668 744 3745 propter
764 3659 912 3725 salutem
928 3657 1055 3723 Ademi
1078 3664 1112 3722 et
1134 3660 1351 3742 posteritatis
1374 3661 1460 3741 eius,

263 3765 554 3848 etqucdsurgam
565 3765 606 3830 de
618 3766 774 3830 mortuis.
801 3761 1460 3829 Committamautemvobisdoctrinam

265 3868 436 3953 evangelii
454 3869 565 3934 sancti
583 3868 760 3953 (vobisque
778 3871 892 3951 antea)
910 3867 1072 3947 nuntiati,
1090 3873 1129 3931 ut
1143 3866 1354 3950 praedicetis
1372 3866 1460 3931 illud

263 3994 484 4058 peromnem
506 3972 682 4038 mundum.
713 3972 761 4037 Et
782 3971 923 4037 induem
940 3992 998 4036 vos
1015 3971 1140 4054 virtute
1164 3970 1205 4035 de
1229 3970 1315 4053 alto,
1340 3991 1379 4035 ec
1400 3971 1460 4034 im-

263 4076 367 4160 plebo
385 4098 444 4143 vcs
462 4077 588 4160 spiritu
606 4081 737 4141 sanctu.
761 4073 1029 4140 Adnuntiabitis
1045 4093 1124 4138 vero
1144 4075 1278 4138 eunctis
1296 4072 1460 4157 gentibus

264 4181 516 4263 paenitentiam
533 4186 568 4244 et
578 4180 817 4243 remissionem
828 4183 1059 4260 peecatorum.
1083 4175 1172 4240 Num
1184 4175 1332 4258 scyphus
1349 4196 1459 4259 aquae

333 4387 359 4450 1)
380 4387 480 4452 Coptos
491 4388 543 4437 sio:
562 4387 614 4436 Dis
623 4384 726 4434 XXVI.
737 4386 819 4449 Epep.
839 4383 892 4432 Hic
901 4388 938 4433 ert
947 4385 1029 4432 exitas
1039 4401 1051 4432 s
1061 4400 1167 4447 corpore
1173 4385 1261 4447 patris
1270 4385 1351 4432 nostri
1360 4384 1463 4448 Ioasplci

254 4475 334 4539 sobri
347 4475 454 4538 liquarit
468 4473 557 4537 patria
570 4472 664 4522 Odrirts'
681 4472 815 4520 ascendam
828 4487 937 4527 carnem,
951 4471 993 4534 qui
1005 4474 1081 4518 notor
1092 4475 1149 4518 erat
1162 4486 1284 4519 annorum
1299 4470 1367 4518 CXI.
1394 4469 1461 4518 Nur·

261 4560 333 4609 rocit
347 4559 464 4609 calcator
479 4563 565 4608 accur
583 4575 675 4609 omnem
693 4560 771 4607 sitam
788 4558 842 4606 einr
854 4556 978 4621 apostolia
995 4556 1232 4613 insurrectione,
1251 4557 1362 4620 apostoli
1379 4561 1462 4606 aetem

262 4649 420 4712 scripserunt
435 4662 490 4696 eom
506 4650 531 4696 et
546 4645 687 4696 intulerunt
700 4644 862 4694 bibliothecae
874 4660 938 4707 qaas
953 4643 1135 4708 Hierosolymis
1153 4647 1197 4691 est.
1228 4643 1317 4691 Etiam
1329 4643 1395 4707 qaod
1407 4643 1463 4693 dier

260 4737 511 4799 prosecuturam
521 4732 637 4796 deponit
649 4747 741 4796 corpu
744 4732 804 4797 seit
816 4731 872 4779 XX
875 4729 899 4777 Γ
897 4730 919 4778 1.
932 4730 1022 4779 mensis
1036 4730 1115 4792 Epep.
1140 4728 1171 4777 Iu
1181 4745 1246 4793 paco
1258 4730 1308 4787 dci,
1322 4745 1400 4778 amen.
