3458 5640
457 608 789 660 resono-unurrinm
802 610 1041 661 BVANGELIUM.
1060 609 1263 662 EPISTULAE.
1420 609 1461 673 53

261 757 369 823 asnis
386 758 561 841 prioribus
579 779 641 841 per
658 778 841 823 successus
858 762 1052 840 temporum
1070 765 1311 841 susceperunt.
1356 758 1461 824 Hunc

262 866 376 926 autem
390 862 503 945 ipsum
514 860 642 926 librum
655 882 732 925 curn
743 881 930 943 numquam
947 860 1053 926 alicui
1064 861 1346 927 transferendum
1358 862 1462 927 tradi-

261 965 397 1046 derunt,
411 971 542 1030 textum
551 987 629 1030 vero
642 965 717 1030 eius
728 963 832 1029 aliter
841 963 1012 1047 aliterque
1025 964 1257 1047 tradiderunt,
1270 965 1320 1030 sic
1330 965 1461 1030 factum

261 1066 1461 1152 estutaManichaeidiscipulonomineLeuoio‚quietiamaposto-

261 1170 391 1234 lorum
413 1175 532 1253 gesta
547 1169 636 1234 salso
655 1190 812 1234 sermone
830 1169 1055 1252 conscripsit,
1079 1169 1136 1234 hic
1152 1169 1242 1234 liber
1258 1169 1374 1236 editus
1391 1193 1459 1236 non

261 1271 1460 1355 ao‹liticationisoddestructionimateriamexhibuerit,etquodtalis

261 1373 470 1456 probaretur
485 1373 519 1436 in
532 1372 674 1456 syuodo,
693 1373 748 1436 cui
764 1372 886 1436 merito
903 1393 1005 1436 aures
1021 1372 1190 1437 ecclesiae
1207 1392 1276 1436 non
1288 1360 1474 1456 paterent(

263 1474 387 1542 Cesset
407 1497 498 1540 nunc
520 1474 767 1540 oblatrantium
790 1496 939 1540 morsus:
970 1496 1037 1539 non
1061 1476 1153 1539 enim
1173 1476 1278 1540 istum
1301 1476 1460 1542 libellum

263 1578 441 1644 canonicis
466 1598 529 1642 nos
556 1576 821 1660 superaddimus
848 1577 1046 1659 scripturis,
1074 1577 1135 1643 sed
1161 1576 1204 1642 ad
1230 1576 1460 1663 detegendam

262 1681 426 1748 hereseos
447 1681 621 1746 fallaciam
643 1680 793 1763 apostoli
816 1685 921 1763 atque
943 1680 1178 1765 evangelistae
1201 1681 1332 1765 scriptu
1350 1687 1462 1748 trans·

262 1785 418 1851 ferimus.
463 1783 506 1850 In
533 1805 600 1868 quo
632 1805 736 1867 opere
762 1789 832 1849 tam
857 1784 1061 1850 iubentibus
1086 1785 1155 1868 piis
1181 1785 1461 1870 obtemperamus

264 1888 450 1972 episcopis,
469 1909 570 1972 quarn
587 1888 703 1973 impiis
714 1887 880 1952 hereticis
898 1887 1084 1953 obviamus.
1108 1885 1219 1954 Amor
1235 1909 1316 1974 ergo
1329 1887 1461 1955 Christi

264 1998 318 2057 est
334 1994 390 2058 cui
407 1991 654 2074 satisfecimus,
678 1991 860 2057 credentes
878 1991 971 2074 quod
989 2013 1052 2057 nos
1070 1993 1142 2057 suis
1165 1993 1383 2058 orationihus
1404 1993 1461 2058 ad-

263 2096 383 2162 iuvent
394 2096 452 2180 qui
469 2095 512 2160 ad
529 2095 709 2162 salvatoris
728 2095 839 2160 nostri
856 2100 1012 2160 sanctam
1028 2095 1213 2161 infantiam
1229 2118 1292 2180 per
1308 2102 1461 2162 nostram

264 2200 445 2285 potuerint
460 2199 693 2265 obedientiam
711 2198 902 2282 pervenire.

686 2302 843 2386 Explicit
858 2301 1037 2386 prologus.

263 2534 307 2598 qui
318 2533 393 2582 etiarn
413 2529 417 2599 Ι
437 2545 455 2581 s
465 2548 514 2597 per
526 2549 590 2582 nuce.
604 2536 677 2596 temp.
691 2548 708 2580 a
719 2532 773 2580 suis
781 2532 835 2596 pri.
855 2527 859 2595 Ι
880 2544 897 2579 n
910 2529 1001 2579 librum
1013 2531 1093 2594 ipsum
1110 2526 1115 2595 Ι
1136 2546 1191 2579 σωκ
1202 2534 1233 2581 ut
1244 2543 1262 2581 s
1273 2531 1352 2590 Mon,
1370 2536 1460 2590 stum,

263 2620 326 2684 vulg
338 2634 380 2668 om
400 2616 405 2682 Ι
425 2621 518 2666 terim
537 2617 613 2678 (Mon
624 2618 733 2679 pestium)
754 2633 811 2665 vero
829 2616 905 2680 (vulg
918 2613 972 2676 om)
991 2615 1045 2664 eius
1062 2615 1141 2664 aliter
1153 2614 1228 2677 (Mon
1240 2615 1321 2678 alter)
1335 2615 1461 2682 aliterque

263 2705 339 2768 (vulg
351 2708 426 2767 atque
439 2702 528 2765 aliter)
541 2707 713 2752 narraverant
727 2701 940 2762 (enarraverint,
958 2701 1024 2750 item
1037 2704 1119 2750 antea
1131 2701 1316 2764 trecassino:
1335 2702 1401 2752 hoec
1417 2719 1459 2751 orn

262 2801 280 2836 n
298 2784 303 2850 Ι
324 2789 375 2835 sic:
396 2789 520 2850 suisque,
540 2789 604 2851 vulg
616 2788 660 2835 seul
680 2785 684 2849 Ι
704 2787 813 2836 Leucis:
831 2787 894 2850 vulg
908 2786 1012 2834 Seleuco
1032 2781 1037 2850 Ι
1057 2787 1121 2834 hlon
1139 2784 1361 2853 aedificationem}
1381 2800 1399 2836 s
1411 2804 1461 2836 non

263 2856 449 2938 aedificationis
457 2873 500 2921 sed
510 2873 689 2921 destructionis
701 2873 828 2921 exhiheret
838 2872 971 2920 materians
985 2867 989 2936 Ι
1003 2884 1019 2919 n
1031 2871 1160 2920 materiem
1172 2870 1177 2934 Ι
1192 2888 1271 2921 nunc:
1284 2885 1299 2921 1
1315 2874 1365 2921 iam
1374 2889 1439 2922 nunc
1452 2872 1456 2939 Ι

262 2975 312 3009 non
323 2960 402 3008 eniasr
414 2960 477 3023 vulg
490 2971 506 3005 r
519 2974 560 3006 orn
573 2959 637 3007 enim
648 2954 652 3018 Ι
669 2970 686 3005 s
699 2958 899 3007 oleatus-antium
912 2955 916 3022 Ι
930 2957 1093 3021 sletependarn
1105 2963 1136 3007 ut
1148 2971 1192 3015 aa,
1205 2957 1253 3008 sed
1266 2958 1330 3022 vulg
1342 2959 1406 3007 Mon
1418 2959 1460 3008 de·

263 3045 392 3108 tepndum
410 3041 414 3110 Ι
436 3049 502 3092 tans:
521 3046 584 3108 vulg
596 3060 644 3092 ison
657 3048 708 3091 tans
728 3040 732 3109 Ι
750 3058 767 3092 Δ
780 3045 889 3108 episcop.
902 3043 1006 3107 obtemp.
1027 3038 1031 3107 Ι
1051 3044 1115 3108 vulg
1128 3044 1208 3108 ipitur
1219 3048 1257 3092 est
1268 3043 1363 3094 Christi
1376 3042 1380 3110 Ι
1395 3046 1458 3095 Mon

264 3130 454 3195 satisfaciamus
469 3129 473 3194 Ι
487 3143 503 3178 Δ
517 3130 602 3178 odium
616 3129 724 3178 oration.

332 3215 413 3266 Porro
427 3217 480 3265 slis
494 3215 774 3280 Pseudo-Hieronymi
787 3215 904 3278 epistula
916 3213 950 3265 ad
963 3214 1069 3265 eosdem
1084 3215 1224 3280 episcopos
1237 3217 1339 3281 scripto
1352 3217 1461 3266 circurn-

332 3302 426 3359 tertur,
439 3316 522 3364 esque
536 3305 563 3350 et
576 3301 633 3364 ipsu
646 3302 714 3351 libro
728 3301 761 3350 de
774 3301 919 3351 nativitate
929 3301 1028 3350 Mariae
1040 3296 1217 3364 praelationis
1230 3303 1290 3351 loco
1300 3303 1460 3366 praeposita.

333 3383 375 3436 cf.
389 3387 463 3436 Hier.
476 3385 517 3433 cd.
531 3385 643 3435 Vellere.
657 3385 701 3434 xl.
716 3402 775 3450 pag.
788 3387 847 3435 ³82.
871 3386 909 3433 Es
922 3386 960 3434 sic
975 3385 1070 3435 habet:

262 3472 357 3523 Petitis
371 3489 388 3521 o
399 3488 436 3520 nse
453 3475 481 3520 at
493 3471 562 3520 cobis
573 3471 710 3520 rescribam
722 3470 782 3534 qnid
799 3470 860 3518 resilui
872 3471 903 3518 de
915 3471 1023 3534 pucilam
1035 3469 1122 3519 libello
1136 3472 1253 3522 uideatur
1266 3475 1309 3536 qui
1325 3472 1357 3521 ele
1369 3473 1460 3522 natiui-

263 3562 316 3607 tote
334 3557 362 3606 S.
374 3556 479 3606 Mariae
494 3572 511 3604 o
523 3555 652 3605 nonnullis
667 3554 781 3605 habetur.
806 3556 844 3604 Et
861 3556 917 3604 ideo
934 3556 999 3605 scire
1013 3572 1055 3605 uos
1069 3557 1138 3615 colo,
1157 3557 1237 3606 multa
1257 3559 1282 3605 in
1295 3574 1323 3607 eo
1332 3558 1411 3623 salsa
1424 3559 1460 3607 in·

261 3643 350 3693 ueniri.
390 3642 498 3704 Quidam
519 3657 624 3705 nasisque
645 3641 779 3699 Seleucus,
801 3642 844 3706 qui
861 3642 1033 3705 passiones
1053 3643 1280 3707 apostolorum
1301 3645 1459 3710 consempsit,

260 3731 325 3779 dunc
337 3728 449 3778 libellam
461 3728 606 3791 composuit.
644 3727 694 3776 Sed
706 3728 772 3776 siccut
783 3728 815 3776 de
827 3728 962 3777 virtutihus
979 3746 1064 3779 eorum
1082 3734 1107 3778 et
1122 3730 1255 3779 miraculis
1264 3747 1312 3794 per
1324 3748 1366 3781 eus
1375 3733 1461 3797 sacta's

262 3832 323 3866 cero
334 3815 412 3872 dicit,
431 3815 461 3863 rie
473 3815 592 3863 doctrina
605 3831 663 3864 cero
675 3831 759 3863 eorsum
769 3814 850 3877 plara
862 3817 980 3864 mentitus
991 3820 1041 3874 est,
1060 3816 1099 3864 ito
1111 3817 1188 3865 ethic
1200 3817 1281 3866 inulto
1293 3834 1342 3866 non
1354 3835 1417 3868 ocra
1427 3821 1459 3869 sle

261 3902 337 3952 corde
353 3917 398 3951 suc
416 3900 545 3966 confinxit.
581 3901 694 3950 Proinde
712 3904 739 3949 ut
758 3902 784 3948 in
802 3901 908 3950 hebraeo
926 3901 1044 3958 hahetur,
1065 3902 1163 3950 verbum
1180 3919 1211 3951 ec
1223 3904 1297 3952 uerbo
1316 3906 1460 3969 transferre

261 3987 368 4045 curalo,
386 3987 508 4050 siquidem
524 3990 638 4035 sanctum
655 3986 837 4049 eoanpelistam
849 3987 1009 4036 Malliacum
1025 3988 1129 4036 suadem
1146 3988 1258 4036 libellum
1271 3989 1351 4053 liquet
1363 4007 1459 4055 corapo-
1518 4008 1522 4018 ·

260 4077 339 4125 ruisse
351 4079 376 4123 et
388 4075 414 4122 in
423 4074 507 4137 capite
516 4073 641 4136 escapelii
649 4075 689 4123 sui
698 4073 824 4122 hebraicis
834 4074 918 4123 literis
927 4074 1084 4136 obsipnatum
1094 4074 1240 4139 apposuisse
1251 4074 1302 4136 (ita
1312 4080 1458 4125 correctum

261 4175 309 4224 pro
318 4158 474 4223 opposuisse)
481 4178 490 4214 ,·
504 4160 611 4222 quadan
623 4175 706 4207 serim
718 4160 761 4215 sit,
774 4159 875 4207 aructori
885 4160 1059 4222 praefationis
1072 4160 1169 4224 etfldei
1178 4159 1313 4222 scriptoris
1322 4161 1459 4210 committo.-

261 4247 314 4311 ipse
326 4247 390 4295 enirn
402 4249 430 4294 ut
441 4246 503 4293 haec
514 4245 592 4294 diutia
604 4261 656 4294 esse
664 4246 821 4309 pronuncio,
840 4246 878 4294 ita
891 4244 988 4308 liquido
992 4244 1073 4309 salsa
1084 4261 1134 4295 non
1146 4244 1257 4310 affirmo.
1293 4244 1366 4294 Illud
1378 4250 1460 4295 autern

262 4333 340 4383 litere
357 4332 428 4392 dico,
451 4332 517 4397 quod
528 4331 648 4398 fidelium
665 4333 783 4381 nerninem
803 4336 952 4396 nepoturum
965 4335 1043 4396 puto,
1062 4331 1114 4381 siue
1132 4332 1194 4381 iaec
1213 4347 1274 4381 cera
1291 4332 1343 4381 sint
1358 4332 1410 4382 sios
1427 4333 1459 4382 ab

262 4419 348 4485 aliquo
361 4419 482 4486 conficta,
501 4423 690 4468 sacrosanctam
704 4419 755 4482 (its
767 4419 871 4468 Fabric.
884 4435 932 4484 pro
945 4416 1124 4481 sacrosancta)
1136 4422 1241 4466 sanctae
1252 4390 1357 4468 Malia«
1368 4420 1460 4469 natiui-

263 4511 339 4557 tatem
356 4506 527 4570 (nativitatem
551 4521 582 4555 ex
600 4505 754 4556 coniectura
773 4504 880 4555 eddidit
897 4504 1013 4567 Febris.)
1033 4521 1126 4568 mapsa
1141 4505 1268 4554 miraculo
1283 4507 1459 4571 praecessisse,

263 4595 371 4643 misna
383 4593 619 4655 consecutasuism
632 4597 657 4641 et
670 4592 765 4640 idcirco
778 4592 915 4658 saluafide
927 4592 958 4640 ab
970 4593 1010 4642 dis
1022 4593 1065 4656 qai
1076 4592 1149 4640 ileum
1161 4591 1311 4656 istosacere
1320 4609 1394 4657 posse
1405 4610 1458 4643 cre·

263 4680 325 4729 dunt
341 4679 394 4728 sine
403 4677 518 4743 periculo
534 4679 633 4726 anianae
649 4694 710 4727 suae
726 4679 796 4727 crecti
814 4683 838 4727 et
856 4677 906 4743 lepi
916 4694 998 4742 posse.
1023 4678 1138 4741 Denique
1157 4679 1183 4725 in
1195 4682 1314 4742 quantum
1325 4681 1459 4730 recordari

261 4781 369 4829 possum,
382 4781 478 4814 smum
489 4780 539 4812 nou
551 4764 627 4812 uerba
638 4764 774 4827 scriptoris
785 4780 897 4828 sequens,
910 4769 935 4812 et
946 4781 1012 4812 nurse
1024 4766 1111 4813 coetera
1122 4765 1212 4813 semita
1225 4781 1273 4813 non
1285 4765 1377 4814 eisdem
1385 4767 1458 4814 oesti-
