3458 5640
687 605 960 657 raouucousas.
1337 623 1426 670 mn

226 758 381 838 tulliano,
402 779 463 841 pro
487 757 592 840 ipsius
614 755 718 821 Pilati
741 756 824 822 actis
848 755 984 823 Caesari
1007 759 1042 822 et
1063 756 1248 822 destinatis.
1261 763 1295 823 et
1316 758 1424 825 missis

225 870 399 952 habebant,
425 890 465 935 ea
487 869 623 953 inquam
645 868 711 933 iam
733 867 865 935 Iustino
889 889 1028 953 magnae
1051 869 1262 935 auctoritatis
1287 890 1357 936 esse
1380 870 1426 935 ui·

225 985 396 1066 debentur,
420 1005 520 1066 quam
543 982 659 1066 utique
681 1002 748 1046 non
770 980 938 1046 habebant
960 981 1023 1046 nisi
1047 980 1088 1047 ab
1111 1004 1150 1047 eo
1175 980 1263 1066 quod
1285 1004 1366 1066 prae
1390 1005 1424 1049 se

224 1097 375 1163 ferebant
397 1096 528 1162 nomine
551 1095 669 1176 Pilati,
697 1094 819 1177 quippe
843 1094 938 1158 testis
960 1094 1009 1159 rei
1032 1100 1145 1178 gestae
1168 1095 1368 1179 gravissimi,
1391 1100 1425 1162 et

224 1209 280 1289 qui
308 1208 395 1271 idem
424 1213 462 1271 ut
489 1206 620 1271 videtur
647 1227 668 1270 a
690 1205 821 1270 Iustino
850 1225 967 1269 suasor
991 1205 1094 1269 libelli
1116 1207 1249 1289 publico
1272 1208 1347 1271 usui
1370 1208 1424 1272 de·

224 1319 339 1382 atinati
368 1316 573 1383 credebatur.
624 1316 659 1383 Si
688 1316 790 1398 igitur
818 1336 931 1379 verum
959 1317 1162 1398 quaerimus,
1190 1317 1245 1382 ille
1273 1321 1424 1382 actorum

224 1429 307 1493 liber
338 1428 460 1522 Pilati·
479 1448 599 1493 nomen
638 1433 672 1491 et
708 1427 943 1492 auctoritatem
980 1448 1053 1492 oum
1085 1429 1155 1492 eius
1186 1429 1318 1494 nomine
1349 1448 1424 1494 con·

223 1541 370 1606 iunctam
401 1540 625 1623 usurpabant,
662 1540 725 1605 etsi
756 1538 797 1603 ab
828 1539 961 1605 homine
994 1538 1185 1606 Christiano
1218 1540 1423 1624 conscriptus

223 1658 310 1734 erat,
342 1653 394 1718 cui
417 1652 510 1719 illum
533 1652 743 1718 auctoritatis
768 1651 944 1736 quicquam
968 1673 1046 1717 suae
1070 1652 1249 1719 contulisse
1270 1651 1347 1741 fidei
1369 1653 1424 1720 ab·

224 1787 340 1832 sonum
363 1770 422 1831 est.

309 1877 375 1947 Sed
399 1878 512 1943 eadem
536 1882 611 1942 acta
632 1897 708 1942 mox
730 1877 818 1941 inter
835 1874 1045 1942 Christianos
1061 1876 1143 1941 satis
1159 1875 1327 1961 divulgata
1342 1899 1423 1961 esse,

223 1995 301 2072 post
322 1988 491 2055 Iustinum
514 1993 547 2054 et
569 1987 812 2053 Tertullianum
834 1988 1000 2053 Eusebius
1023 1987 1099 2053 hist.
1123 1987 1200 2053 eccl.
1220 1988 1323 2070 11‚2.‚
1345 1989 1424 2073 Epi-

223 2101 366 2184 phanius
388 2101 515 2166 haeres.
535 2099 580 2180 L,
603 2102 629 2164 1.
653 2099 777 2183 aliique
801 2100 896 2165 multi
920 2104 1094 2165 testantur.
1139 2100 1234 2167 Haec
1256 2101 1359 2184 igitur
1380 2123 1423 2166 an

225 2214 339 2281 eadem
366 2235 405 2279 ac
426 2218 544 2310 nostra
563 2212 687 2278 suerint
710 2213 890 2297 «piscentur.
936 2212 1062 2298 Quodsi
1086 2213 1201 2280 eadem
1224 2213 1325 2280 luisse
1349 2236 1423 2281 con·

223 2326 357 2394 tendere
387 2326 600 2392 temerarium
630 2324 797 2410 plerisque
826 2325 1006 2409 videbitur,
1038 2326 1168 2392 diversa
1196 2327 1298 2392 luisse
1326 2348 1420 2393 nemo

224 2439 470 2506 demonstrabit.
510 2437 745 2523 Quiaecumque
762 2439 849 2505 enim
864 2439 941 2504 inde
956 2438 1168 2521 protulerunt
1181 2445 1319 2522 veteres,
1340 2461 1420 2523 quo·

222 2574 294 2617 rum
316 2551 468 2636 inprimis
490 2549 623 2616 videndi
647 2556 724 2615 sunt
746 2550 897 2616 lustinus
907 2552 931 2634 ¹)
955 2555 990 2615 et
1010 2549 1235 2616 Tertullianus
1247 2550 1282 2634 ²),
1306 2550 1420 2617 eadem

221 2665 256 2728 in
278 2663 403 2728 nostris
426 2663 639 2727 inveniuntur
663 2664 754 2728 actia.
793 2662 887 2747 Quae
909 2683 962 2727 res
984 2683 1051 2728 non
1073 2665 1167 2746 parvi
1187 2663 1345 2728 momenti
1360 2667 1419 2728 est

308 2819 330 2886 ¹)
349 2820 389 2870 Cf.
409 2823 523 2887 apolog.
537 2821 560 2878 Ι,
579 2823 621 2870 35.
641 2837 703 2887 pag.
717 2821 759 2871 76.
785 2816 838 2868 Ι<αῑ
858 2813 933 2888 μετὰ
951 2812 987 2869 τὸ
1008 2815 1177 2885 σταυρῶσαι
1197 2813 1289 2888 αὐτὸμ
1310 2809 1419 2888 ἐθαλὸμ

223 2903 329 2976 κλῆρομ
355 2904 406 2957 {mi
424 2902 478 2975 τὸμ
496 2901 655 2975 ἱματισμὸμ
675 2903 768 2957 αὐτοῦ
788 2903 830 2955 καῖ
850 2904 1025 2975 ἐμερίσαμτο
1045 2905 1166 2957 &corcis
1185 2907 1210 2957 oi
1230 2906 1420 2977 σταυρώσαμ-

221 3009 275 3045 reo
299 2988 401 3064 αῡτὸμ.
438 2991 480 3043 καὶ
504 2989 602 3044 ταῦτα
621 2991 664 3043 ὄτι
683 2990 801 3061 γέγομε,
821 2985 949 3061 ὁύμασθε
969 2992 1069 3062 μαθεῖμ
1089 2991 1120 3044 ἐκ
1137 2990 1201 3061 τῶμ
1221 2990 1272 3044 {uri
1292 2991 1421 3063 Πομτῐου

224 3073 354 3131 Πιλάτου
371 3077 550 3150 γεμομὲμωμ
569 3073 678 3148 ἆκτωμ.
704 3081 743 3131 Cf.
766 3083 835 3131 Geel.
849 3081 903 3131 Pil.
921 3097 963 3146 pr.
979 3081 1046 3140 Ax,
1061 3084 1084 3132 1.
1109 3082 1214 3139 Biha.
1251 3083 1328 3132 Alter
1346 3084 1421 3133 locus

223 3166 322 3217 lustini
342 3171 384 3217 est
397 3168 473 3231 Apol.
487 3167 508 3225 1,
521 3169 563 3216 48.
577 3183 604 3231 p.
619 3169 660 3216 84.
682 3161 753 3217 'Ora
773 3163 804 3215 δὲ
824 3163 865 3215 καὶ
885 3159 1083 3233 Θεραωεύσειμ
1101 3159 1212 3215 urricus
1229 3159 1287 3215 τὰσ
1308 3156 1421 3234 μόσουσ

224 3250 265 3300 καί
285 3244 407 3319 μεκροὺσ
425 3247 576 3318 ἁμεγεράμ
597 3249 613 3299 ὁ
634 3247 782 3319 ἡμέτεροσ
794 3246 926 3316 Χριστόσ
938 3240 1170 3318 ωροεῴιιτεύθη,
1189 3245 1338 3301 ἀκούσατε
1355 3247 1419 3320 τῶμ

222 3332 425 3403 λελεγμὲμωμ,
450 3332 511 3384 ἔστι
532 3331 677 3385 δὲταῦτα
689 3332 734 3401 Τῇ
752 3333 905 3400 ωαρουσίᾳ
924 3333 1016 3385 αὐτοῦ
1035 3334 1146 3386 ὀλεῖται
1165 3331 1271 3400 χωλὸσ
1289 3336 1336 3385 ὠσ
1355 3333 1419 3387 ἔλα-
1466 3393 1471 3406 ‚

224 3417 288 3486 ψοσ
306 3453 337 3463 -.
358 3417 399 3468 καί
418 3413 682 3488 ωεριωατήσουσψ
707 3421 796 3484 (lessi.
815 3424 856 3479 ³5,
875 3425 892 3471 4
914 3422 992 3487 squ).
1019 3416 1061 3471 ὅτι
1086 3419 1117 3471 δὲ
1141 3418 1236 3471 ταῦτα
1263 3418 1427 3490 e‘tuoiuaepa¹

222 3503 253 3555 ἐκ
270 3501 334 3572 τώμ
354 3502 404 3553 {uri
424 3503 552 3573 llopriou
566 3496 696 3555 Πιλάτου
708 3503 884 3576 γεμομέμωμ
898 3502 997 3576 ᾶκτωμ
1012 3507 1113 3576 pubeip
1127 3501 1263 3576 ὁὺμασθε.
1289 3508 1330 3558 Cf.
1347 3511 1418 3559 Geni.

222 3593 274 3644 I’il.
294 3593 428 3644 v-V111.

307 3677 330 3742 z)
350 3680 377 3729 Is
396 3682 538 3747 apologet.
551 3683 594 3730 21.
614 3681 710 3731 scribit
728 3680 815 3732 Iesum
835 3698 866 3733 ex
884 3683 987 3733 invidis
1005 3684 1190 3749 magistrorum
1207 3683 1365 3733 Iudaeorum
1377 3683 1419 3734 Pi·

222 3768 279 3817 lato
302 3766 446 3826 traditum,
473 3767 506 3817 sb
532 3767 582 3817 hoc
605 3768 736 3818 violentia
759 3767 941 3834 suffragiorum
962 3769 1033 3819 victo
1057 3770 1128 3819 cruci
1148 3785 1205 3820 esso
1225 3769 1359 3830 deditum
1387 3769 1419 3821 de

223 3865 300 3901 cruce
324 3851 487 3915 pendentem
512 3853 635 3916 spiritum
659 3869 716 3902 cum
735 3854 815 3903 verbo
839 3864 936 3919 sponte
955 3856 1088 3912 emisisse,
1116 3859 1262 3918 praevento
1287 3856 1419 3906 carnificis

223 3937 327 3996 cilicio3
354 3936 446 3986 eodem
470 3943 605 3986 momento
630 3937 743 3986 mediam
766 3939 836 3988 diem
859 3939 923 3988 solis
946 3940 1066 4003 deliquio
1089 3939 1263 3999 subductam
1289 3941 1419 4004 sepulcro,

223 4013 349 4084 nesciola
366 4036 395 4069 se
413 4027 621 4071 resurrecturum
641 4023 825 4085 praedixisset.
845 4025 1020 4073 amolirentur
1039 4025 1165 4088 discipuli
1185 4025 1310 4082 cadaver,
1333 4030 1419 4075 custo·

222 4103 293 4152 diem
312 4105 455 4153 militarem
474 4105 602 4163 additam,
621 4106 667 4155 scd
681 4106 724 4155 die
744 4109 825 4156 tertia
844 4124 973 4156 concussa
991 4114 1103 4171 repento
1123 4118 1194 4158 torre
1213 4114 1242 4158 ct
1259 4111 1328 4160 molo
1346 4126 1420 4160 revo-

221 4187 280 4237 luta
293 4203 361 4252 quse
374 4188 545 4240 obstruserat
560 4192 708 4254 sepulcrum
723 4208 819 4256 pavore
833 4193 987 4253 disiectam
1008 4194 1035 4242 in
1055 4196 1178 4258 sepulcro
1198 4197 1266 4245 nibil
1286 4200 1419 4260 repertum

221 4279 328 4336 prester
351 4275 473 4335 exuvias;
499 4292 514 4325 a
533 4278 664 4340 prioribus
684 4294 778 4342 corpus
797 4284 946 4342 surreptum
966 4296 981 4328 e
1000 4279 1140 4345 discipulis
1159 4283 1228 4331 falso
1252 4283 1418 4344 lectitaturn;

222 4359 309 4422 ipsum
327 4375 390 4409 vero
410 4359 497 4410 lesum
516 4377 574 4412 cum
594 4362 734 4427 discipulis
752 4364 822 4428 spud
842 4366 987 4415 Galilaeem
1007 4366 1121 4416 Iudaeae
1144 4369 1279 4433 regionem
1304 4369 1338 4418 ad
1357 4387 1418 4434 qus·

222 4442 349 4512 draginta
367 4445 425 4496 dies
448 4447 549 4513 egisse,
575 4448 715 4502 docentem
735 4466 780 4500 ecs
799 4467 866 4516 quse
885 4451 1029 4514 docerent;
1053 4454 1151 4503 dehinc
1175 4449 1306 4506 ordinatis
1329 4456 1367 4506 cis
1386 4456 1419 4506 sd

211 4531 339 4601 'officium
364 4533 536 4597 praedicandi
564 4552 610 4600 per
633 4537 734 4597 orbem,
761 4537 919 4588 circumfusa
942 4539 1013 4590 nubo
1036 4541 1064 4589 in
1089 4542 1191 4590 coelum
1211 4557 1269 4591 esse
1288 4545 1417 4607 ereptum.

222 4619 324 4678 Quibus
344 4621 474 4684 expositis
493 4622 532 4671 its
551 4624 640 4687 pergit
662 4625 705 4673 Eo
727 4625 810 4673 omnio
828 4641 903 4688 super
923 4626 1023 4675 Christo
1040 4627 1156 4687 Pilatus,
1184 4633 1208 4677 et
1228 4629 1283 4691 ipss
1300 4631 1350 4678 ium
1367 4645 1418 4693 pro

221 4722 268 4755 eso
286 4708 440 4756 conscientia
460 4709 627 4769 caristiam,
648 4711 752 4761 Caesari
769 4717 828 4761 tuac
848 4712 948 4762 liberio
966 4715 1102 4764 nuntiavit.
