3458 5640
272 528 336 590 428
624 531 751 582 uvuuo.
772 531 949 582 ruconnur
975 532 1061 583 runs
1080 533 1118 583 11.

273 680 442 764 pugnabas
465 683 630 767 quotidie;
659 685 710 749 sin
733 691 841 752 eutem
866 685 1013 770 minimo,
1036 684 1122 750 scias
1144 685 1224 770 quie
1243 684 1403 769 religatus
1424 685 1466 750 sb

274 806 313 853 eo
335 807 427 852 meae
450 788 578 854 suberis
605 789 784 857 custodiae.

617 1067 620 1072 ·
657 1034 775 1102 Ornos
797 1033 879 1104 VII.
917 1033 1085 1119 (XXIII.)

361 1198 433 1263 ¹Et
460 1199 578 1264 iterum
608 1200 696 1265 suctu
721 1206 773 1265 ost
799 1223 862 1266 vox
891 1200 950 1264 filii
978 1199 1083 1283 patris
1112 1198 1264 1264 altissimi
1287 1199 1382 1282 qussi
1405 1221 1467 1264 vox

275 1302 413 1366 tonitrui
436 1305 545 1387 magni
570 1303 699 1369 dicens:
721 1303 845 1370 Tollite
868 1311 982 1388 portus
1005 1304 1172 1387 principes
1193 1309 1327 1384 vestros,
1350 1309 1383 1367 et
1405 1301 1468 1367 ele·

273 1406 393 1470 vamini
418 1413 532 1488 portus
555 1408 753 1489 aeternaleS,
784 1413 818 1471 et
848 1407 1003 1472 introibit
1029 1429 1087 1472 rex
1114 1405 1249 1489 gloriae.
1292 1405 1386 1470 Tunc
1409 1405 1467 1471 Sa·

274 1512 367 1570 tanos
391 1514 425 1571 et
446 1508 594 1572 infernus
618 1508 842 1574 clamaverunt
864 1509 1029 1573 dicentes:
1059 1505 1143 1591 Quis
1166 1513 1216 1572 est
1237 1509 1300 1573 isto
1322 1528 1380 1571 rex
1402 1506 1469 1591 glo-

272 1610 368 1676 riae?
405 1611 684 1695 Responsumque
707 1618 758 1677 est
779 1611 845 1676 illis
868 1632 947 1698 vooe
971 1610 1153 1676 dominica:
1185 1609 1351 1675 Dominus
1373 1610 1469 1676 fortis

273 1717 307 1776 et
329 1718 456 1796 potens,
479 1712 632 1778 dominus
655 1714 829 1797 potensin
852 1713 989 1798 proelio.

360 1835 471 1899 ²Post
496 1835 582 1899 hanc
608 1856 721 1900 vocem
749 1835 882 1900 advenit
908 1834 1009 1899 homo
1040 1835 1133 1897 cuius
1162 1833 1245 1897 visio
1275 1839 1348 1898 erat
1376 1835 1469 1916 qussi

273 1936 427 2016 latronis,
458 1942 595 2019 portans
627 1959 757 2003 crucem
788 1938 822 2000 in
852 1936 1006 2020 humero,
1038 1936 1182 2001 olamans
1210 1961 1230 2001 o
1258 1937 1339 2000 soris
1368 1943 1401 2000 et
1424 1935 1471 2000 di-

274 2059 369 2102 cens:
401 2037 542 2125 Aperite
572 2039 652 2103 mihi
681 2044 719 2104 ut
745 2039 874 2104 intrem.
920 2038 981 2105 Oui
1009 2039 1162 2122 aperiens
1184 2037 1285 2104 Satan
1315 2060 1375 2120 por
1403 2059 1471 2101 mo·

274 2144 383 2209 dioum
406 2143 592 2210 introduxit
614 2167 686 2210 oum
715 2144 854 2210 interius
883 2144 917 2209 in
944 2144 1107 2227 hospiti0‚
1138 2144 1324 2227 iterumque
1352 2143 1473 2208 clausit

274 2251 350 2329 post
385 2268 459 2312 eum
494 2247 625 2312 ostium.
677 2246 909 2331 Videruntque
940 2269 1012 2312 eum
1047 2267 1160 2311 omnes
1192 2245 1297 2310 saneti
1330 2245 1471 2328 perluci-

274 2352 366 2436 dum,
390 2352 609 2437 dixeruntque
632 2352 661 2417 ei
686 2353 858 2418 contiuuo:
889 2351 986 2419 Visio
1009 2357 1068 2417 tua
1088 2350 1229 2417 latronis
1252 2355 1310 2417 est
1354 2350 1473 2416 Indica

263 2458 386 2539 mobis,
414 2458 494 2542 quid
517 2464 569 2523 est
590 2458 680 2543 quod
708 2458 742 2524 in
765 2458 864 2524 dorso
893 2462 951 2524 tuo
978 2455 1132 2524 baiulss?
1177 2456 1244 2541 Qui
1266 2455 1471 2540 respondens

274 2563 443 2628 humiliter
469 2564 569 2629 dixit:
608 2563 697 2631 Vere
724 2564 809 2629 lotro
842 2564 889 2628 fui
922 2585 982 2647 per
1010 2563 1133 2645 omnia,
1166 2568 1199 2627 et
1229 2562 1472 2645 suspenderunt

274 2690 326 2733 mo
349 2667 464 2732 Iudaei
487 2669 521 2732 iu
545 2690 641 2733 cruce
665 2691 737 2733 oum
762 2669 895 2732 domino
920 2689 992 2732 meo
1016 2666 1093 2731 Iesu
1117 2666 1250 2733 Christo
1272 2665 1341 2729 filio
1365 2665 1470 2748 petris

273 2770 435 2834 altissimi.
479 2771 553 2853 Ego
578 2771 720 2853 denique
743 2771 816 2834 voni
844 2769 1092 2852 praeoonoitus:
1124 2769 1195 2851 ipse
1217 2789 1295 2832 vero
1319 2757 1470 2851 post'me

273 2872 362 2936 venit
384 2873 552 2937 continuo.

360 2990 482 3056 ³Tuno
511 2998 643 3056 sanctus
666 2991 776 3056 David
804 2991 961 3056 aduersus
984 2988 1086 3055 Satan
1116 2989 1166 3055 iru
1194 3011 1370 3054 succensus
1397 3012 1471 3073 pro·

274 3095 428 3159 clamavit
458 3094 606 3159 sortitor:
647 3095 751 3178 Aperi
785 3094 996 3176 spurcissimo
1028 3099 1142 3176 portus
1175 3100 1265 3176 tuuS,
1302 3101 1340 3157 ut
1370 3094 1472 3159 intret

274 3221 331 3264 rex
362 3199 495 3283 glorius.
541 3198 703 3266 Similiter
731 3206 764 3265 ot
792 3222 904 3264 omnus
933 3201 1037 3264 suncti
1062 3200 1113 3264 dei
1143 3199 1388 3283 consurgebant
1416 3200 1471 3265 ad·

274 3326 387 3370 versus
415 3303 516 3369 Setun
546 3313 579 3370 et
605 3306 759 3371 uolebant
787 3328 860 3370 eum
889 3305 1168 3387 comprehendere
1197 3309 1231 3368 ot
1258 3305 1344 3369 inter
1369 3326 1404 3368 so
1426 3303 1472 3368 di·

274 3566 373 3629 qnotas
396 3567 493 3614 animas
516 3566 608 3616 cotidie
631 3570 655 3614 et
678 3566 826 3632 osfliyetor5
850 3582 915 3614 nono
937 3565 1062 3629 roliyatur
1083 3566 1136 3614 sris
1153 3565 1184 3613 ab
1202 3581 1244 3623 eo,
1266 3565 1310 3614 sud
1329 3570 1404 3614 arcto
1421 3566 1474 3614 eris

277 3652 400 3699 custodia.

364 3753 424 3811 Vll,
444 3757 466 3803 1.
503 3753 582 3803 CM
606 3753 638 3811 V,
656 3757 680 3802 3.
711 3753 782 3803 cst
799 3754 881 3802 subito
899 3755 990 3803 audita
1008 3759 1046 3802 est
1069 3754 1073 3816 Ι
1093 3754 1152 3819 filii
1170 3755 1270 3815 patris:
1294 3766 1329 3803 su
1347 3770 1389 3802 our
1406 3754 1472 3819 filii,

278 3844 452 3903 cotrunrquo
476 3855 518 3888 orn
543 3840 547 3902 Ι
572 3841 680 3888 tonitrui
699 3841 796 3902 moysi:
816 3839 854 3888 itu
873 3852 924 3890 uso
948 3844 952 3899 l
976 3841 1062 3888 dicens
1080 3854 1137 3888 cum
1157 3853 1172 3890 c
1192 3875 1198 3888 .
1215 3874 1221 3888 .
1240 3855 1257 3890 u
1277 3855 1333 3900 om3
1356 3841 1473 3903 uinquit

278 3909 340 3990 plut
360 3925 453 3975 Tollite
468 3926 472 3985 Ι
489 3938 505 3974 Β
524 3941 565 3973 orn
583 3918 649 3972 dorii.
665 3929 756 3988 potens

364 4033 389 4079 2.
426 4027 467 4078 Cf.
488 4034 508 4077 Α
528 4028 558 4075 x.
587 4029 650 4089 Post
671 4029 737 4076 ione
756 4064 762 4076 .
783 4064 789 4076 .
810 4042 826 4077 Α
846 4043 934 4089 praem
957 4028 1036 4084 timo,
1062 4029 1133 4078 cEt
1156 4027 1161 4092 Ι
1184 4040 1201 4076 Β
1221 4029 1291 4075 cuius
1309 4033 1365 4075 erat
1383 4030 1472 4076 simili·

279 4115 339 4162 todo
359 4113 431 4176 quasi
450 4116 455 4170 Ι
476 4125 491 4162 c
509 4112 635 4173 Aperiens
652 4116 734 4159 autem
755 4112 778 4158 ei
797 4111 880 4158 Sotou
901 4128 948 4173 per
968 4112 1033 4159 mod.
1052 4111 1181 4166 introivit,
1204 4111 1342 4172 iterumque
1366 4111 1398 4160 el.
1413 4117 1473 4172 pos!

279 4218 333 4250 euin
357 4204 403 4249 ost.
423 4199 568 4262 diliyouter.
610 4199 648 4246 Bt
671 4214 725 4245 oum
746 4199 869 4246 oidiusorit
887 4199 1000 4245 Dismom
1023 4214 1086 4246 onio.
1106 4215 1144 4245 sa.
1167 4198 1308 4258 perlucid.,
1335 4199 1418 4247 «liner.
1439 4200 1473 4246 od

278 4279 332 4334 iuro
354 4289 392 4346 ln
411 4284 463 4331 Dio
480 4282 551 4330 nobis
570 4281 575 4345 Ι
595 4281 664 4330 lot-ro
677 4283 724 4345 soi
742 4298 799 4329 curn
818 4295 853 4331 uc
873 4317 901 4329 ..
923 4295 939 4329 rr
957 4281 1026 4329 iotw
1036 4283 1146 4345 fuissem
1166 4280 1170 4341 Ι
1192 4285 1216 4328 et
1234 4281 1261 4340 (u
1279 4280 1335 4340 sed)
1353 4284 1471 4342 mipend.

280 4406 309 4421 ..
330 4383 346 4419 Β
365 4385 405 4417 om
430 4372 455 4416 et
478 4369 483 4428 Ι
505 4379 540 4416 Ac
558 4382 612 4414 curn
635 4365 662 4428 (o
681 4365 733 4414 sild
753 4366 863 4427 Christo)
882 4366 981 4413 domiuo
1001 4366 1063 4430 jilio
1087 4366 1113 4426 (c
1131 4364 1182 4413 odd
1207 4365 1303 4427 patris)
1326 4366 1448 4413 utilissimi
1468 4363 1472 4430 Ι

279 4459 337 4522 qu
354 4457 459 4519 denique
478 4453 506 4515 (e
524 4452 598 4517 uoq.)
615 4454 672 4502 oeni
690 4468 825 4514 praecone.
846 4452 874 4513 (c
892 4453 1014 4516 corruitur)
1034 4469 1092 4501 curn
1111 4466 1145 4504 sc
1164 4487 1193 4501 ..
1214 4464 1231 4500 B
1249 4452 1306 4514 Eoo
1324 4469 1379 4501 eom
1398 4469 1473 4516 prae·

278 4548 334 4596 oeni
354 4544 466 4593 concitos

364 4643 389 4688 3.
427 4637 468 4687 Cf.
488 4634 512 4686 Α
531 4634 562 4692 V,
581 4638 606 4684 3.
637 4635 798 4697 spurcissime
816 4650 874 4683 oum
893 4645 927 4685 Bc
946 4669 975 4683 ..
996 4651 1012 4684 r
1025 4632 1274 4697 fortiorimeliuter
1290 4650 1318 4682 se
1337 4632 1365 4695 (c
1378 4633 1430 4682 odd
1450 4637 1474 4681 et
1561 4618 1565 4627 ¹
