3458 5640
443 646 776 697 roccho-merrham
796 646 1037 698 RVANGELIUM.
1065 646 1139 698 CAP.
1158 647 1280 698 xxxin.
1398 646 1458 709 103

264 796 441 861 cuiusdam
459 795 595 876 domus,
620 795 769 879 contigit
790 802 829 862 ut
845 795 985 880 quidam
1003 797 1045 863 de
1063 796 1258 862 infantibus
1279 797 1384 862 alium
1403 796 1459 862 de·

263 897 410 982 pelleret
431 899 473 964 de
497 899 625 964 solario
652 900 688 963 in
712 906 854 982 terram,
881 907 916 964 ot
937 907 1093 966 mortuus
1117 905 1179 964 est.
1219 900 1366 966 Etcum
1389 923 1458 966 uon

261 1001 431 1068 vidissent
445 1008 609 1086 parentes
627 1004 765 1086 mortui,
783 1003 1112 1070 clamabarrtcontra
1121 1003 1249 1086 Ioseph
1268 1004 1459 1069 otMariam

263 1105 432 1170 diceutes:
456 1105 571 1170 Filius
588 1112 703 1171 vester
719 1105 827 1172 filium
838 1114 995 1172 nostrum
1012 1107 1108 1172 misit
1123 1106 1158 1170 iu
1173 1113 1310 1188 terram,
1329 1112 1460 1171 etmor-

262 1212 342 1272 tuus
364 1213 427 1271 ost.
462 1207 562 1272 Iesus
580 1229 658 1273 roro
676 1209 816 1274 tacebat
838 1215 873 1274 ot
889 1210 977 1273 nihil
1000 1210 1049 1274 ois
1072 1208 1316 1291 respondebat.
1347 1209 1461 1274 Vene-

262 1314 343 1372 runt
359 1315 472 1372 autom
495 1310 703 1374 l'ostioaolos
720 1311 850 1392 Ioseph
868 1317 902 1375 ot
918 1311 1032 1375 Maria
1048 1311 1089 1374 ad
1109 1311 1241 1391 Iasum,
1264 1315 1300 1374 ot
1314 1309 1461 1391 rogabat

262 1416 371 1475 mat-er
396 1431 459 1475 sua
475 1411 609 1476 dicens:
641 1412 792 1477 Domine
810 1414 871 1495 mi,
894 1413 950 1477 dic
967 1412 1050 1477 mihi
1073 1413 1102 1477 si
1124 1419 1161 1476 tu
1178 1411 1305 1476 misisti
1325 1432 1402 1476 eum
1424 1410 1459 1474 in

262 1519 398 1578 terram.
439 1513 486 1578 Et
510 1515 627 1580 statim
654 1515 837 1580 descendit
862 1515 963 1581 Iesus
989 1515 1031 1580 de
1057 1513 1185 1580 solario
1212 1514 1400 1578 interram
1426 1517 1461 1577 et

261 1617 395 1682 vocavit
409 1638 556 1702 pueram
573 1640 637 1703 por
653 1640 777 1684 nomen
796 1641 896 1684 suum
912 1619 1021 1686 Zono.
1052 1617 1100 1684 Et
1120 1616 1302 1702 respoudit
1320 1617 1366 1683 ei:
1390 1617 1461 1682 Do·

261 1722 364 1788 mirre.
396 1722 564 1809 Dixitque
583 1723 635 1789 illi
653 1723 770 1790 Iesus:
794 1724 887 1790 Num
905 1746 968 1810 ego
985 1722 1214 1810 praecipitavi
1231 1726 1264 1788 te
1282 1723 1461 1788 interram

263 1827 305 1892 de
323 1826 474 1895 solario?
496 1828 547 1894 At
563 1829 622 1894 ille
640 1828 740 1895 dixit:
765 1828 856 1912 Non,
874 1829 1024 1895 domiue.
1048 1828 1096 1893 Et
1110 1827 1227 1893 mirati
1244 1831 1326 1892 sunt
1340 1847 1463 1911 paren·

263 1937 315 1996 tes
333 1933 431 2014 puori
450 1933 509 2015 qui
527 1933 819 2014 luoratmortuos,
838 1939 873 1997 ot
889 1932 1236 1998 houorahantIosum
1253 1929 1460 2014 superfacto

264 2033 374 2116 signo.
399 2034 447 2097 Et
462 2034 625 2098 abierunt
641 2033 722 2099 iude
740 2034 868 2116 Ioseph
886 2040 921 2098 et
936 2034 1051 2098 Maria
1067 2055 1144 2097 cum
1161 2033 1243 2097 Iesu
1260 2032 1295 2095 in
1313 2030 1462 2096 Iericho,

696 2303 817 2371 Oreus
840 2303 1027 2369 XXXIII.

349 2489 436 2555 Erat
451 2496 566 2556 autem
583 2491 684 2556 Iesus
705 2511 876 2556 annorum
893 2512 968 2573 sex,
992 2497 1027 2557 et
1042 2489 1138 2555 misit
1158 2487 1257 2553 illum
1273 2494 1384 2553 mater
1400 2506 1463 2552 sua

266 2615 340 2658 cum
368 2593 491 2678 hydria
520 2594 563 2659 ad
589 2595 722 2660 fontem
747 2595 886 2661 haurire
912 2615 1036 2679 aquam
1064 2614 1140 2659 cum
1165 2591 1370 2658 infantibus.
1415 2589 1464 2656 Et

265 2698 412 2782 contigit
427 2705 613 2783 postquam
630 2698 747 2765 hausit
763 2721 898 2782 aquam,
921 2706 961 2764 ut
977 2698 1117 2784 quidam
1134 2719 1175 2763 ex
1191 2695 1386 2763 infantibus
1403 2695 1464 2760 im·

264 2804 401 2888 pegerit
421 2825 498 2870 aum
522 2810 557 2868 ot
578 2804 863 2889 conquassaverit
882 2802 1039 2888 hydriam
1061 2807 1096 2868 et
1115 2801 1261 2886 fregerit
1281 2820 1365 2865 eam.
1411 2796 1462 2864 At

266 2905 365 2974 Iesus
384 2909 551 2994 expandit
566 2908 711 2993 pallium
722 2931 790 2994 quo
808 2908 981 2992 utebatur,
999 2915 1035 2975 et
1050 2907 1207 2992 suscepit
1221 2907 1258 2972 in
1273 2903 1381 2990 pallio
1397 2925 1460 2971 suo

266 3017 400 3076 tantum
421 3034 532 3096 aquae
551 3018 717 3097 quantum
739 3018 814 3078 erat
835 3013 870 3077 iu
887 3012 1025 3098 hydria,
1047 3018 1083 3079 et
1097 3011 1249 3097 portavit
1270 3031 1344 3077 eam
1361 3011 1462 3077 matri

267 3136 360 3182 suae.
395 3115 445 3181 At
461 3117 523 3183 illa
537 3117 658 3183 videns
675 3117 880 3201 mirahatur,
903 3124 939 3184 et
955 3118 1132 3202 cogitabat
1147 3119 1241 3183 intra
1257 3137 1309 3199 sc,
1333 3123 1368 3182 et
1385 3138 1463 3182 con·

267 3218 373 3284 debat
389 3221 504 3285 omnia
520 3220 605 3287 haec
622 3220 657 3284 in
675 3220 778 3286 corde
797 3243 869 3287 suo.

267 3497 405 3545 historiam
420 3513 451 3546 ox
465 3497 556 3547 codice
569 3511 586 3544 ιι
599 3497 633 3548 sd
646 3503 727 3560 caput
740 3502 859 3546 nostrum
875 3495 957 3544 XXII.
971 3497 1170 3560 adscripsimus.
1191 3493 1195 3560 Ι
1216 3497 1254 3546 Bt
1270 3512 1337 3559 resp.
1350 3498 1386 3546 ei:
1410 3498 1463 3547 Do·

264 3580 343 3630 mise:
362 3581 389 3630 in
403 3581 461 3631 cod.
475 3582 602 3645 scriptum
617 3586 661 3630 est
671 3581 730 3630 bene
743 3596 791 3645 pro
804 3581 909 3630 domine.

335 3668 366 3716 In
378 3682 397 3717 ιι
410 3667 503 3717 codice
516 3667 608 3718 fsbuls
621 3669 699 3716 huius
712 3667 810 3732 ospitis
823 3668 933 3732 propius
947 3683 1025 3732 quom
1039 3668 1073 3717 ed
1088 3668 1157 3718 huno
1170 3670 1280 3717 formem
1300 3667 1333 3717 od
1347 3683 1378 3717 ea
1390 3682 1463 3718 ecoe·

264 3751 307 3801 dit
320 3768 387 3815 quse
400 3753 489 3818 sopite
503 3753 562 3802 VII.
580 3754 714 3817 evangelii
727 3754 814 3802 nostri
827 3754 944 3802 Thomso
956 3753 1046 3803 Latini
1061 3755 1244 3804 continentur.
1274 3753 1313 3802 hd
1327 3755 1402 3803 illum
1416 3755 1463 3819 igi·

265 3843 309 3887 tar
321 3839 407 3887 locum
422 3838 479 3902 ipss
493 3839 573 3888 verba
586 3838 753 3901 quaesituros
766 3839 871 3903 ablego.

333 3938 455 3988 xxxlrr,
475 3939 593 3989 Similem
608 3940 669 3988 huic
683 3940 821 3988 historiam
834 3940 916 3989 codor
926 3953 943 3988 ιι
954 3941 1065 3990 exhibet
1075 3941 1219 4003 precipisse
1232 3941 1285 3989 slis
1296 3954 1372 4003 quem
1386 3954 1464 3988 even·

264 4024 328 4088 solii
340 4024 424 4073 nostri
435 4024 526 4072 Thom.
537 4025 626 4072 hetin.
640 4023 723 4086 capiti
736 4023 810 4072 VIII.
824 4024 976 4074 adscriborc
988 4029 1116 4087 praestat.
1137 4025 1247 4088 hogitur
1260 4031 1348 4072 sutem
1363 4024 1400 4073 ibi
1411 4024 1462 4072 sic:

335 4109 394 4156 Cam
410 4108 485 4157 beata
496 4110 587 4157 Morio
604 4110 713 4157 misisset
721 4109 835 4170 puellam
848 4125 919 4157 soom
932 4126 986 4157 cum
997 4110 1102 4174 hydria,
1121 4108 1176 4173 [ot]
1188 4109 1323 4158 multitado
1336 4108 1465 4156 muliorum

265 4193 404 4257 adsontem
417 4194 676 4258 coadunatossissel,
692 4197 801 4255 propter
809 4207 959 4254 pressuram
971 4195 1159 4258 earsmsraoto
1177 4197 1215 4242 cst
1231 4193 1324 4258 hydria
1336 4208 1409 4256 qaam
1420 4192 1464 4241 do·

265 4278 356 4327 minim
372 4278 461 4342 puello
475 4282 634 4340 portaverat.
663 4277 730 4326 Timo
746 4279 862 4340 perrexit
881 4278 953 4326 Iesus
971 4279 1005 4327 od
1015 4280 1129 4344 sontem,
1147 4279 1260 4343 implevit
1275 4278 1384 4341 pallium
1395 4293 1465 4327 nsum

265 4382 333 4430 oqso
345 4370 369 4414 st
382 4365 443 4415 tulit
454 4366 533 4415 saotri
544 4383 612 4414 siros.
638 4365 738 4415 Deinde
750 4365 1029 4430 oollipessssroymeolo
1041 4365 1148 4430 hydriae
1160 4363 1263 4414 insimul
1275 4364 1378 4428 inopem
1390 4363 1464 4413 aerbo

265 4470 310 4504 sso
321 4453 443 4504 solidavit
460 4455 498 4503 ito
511 4454 577 4519 quod
589 4453 714 4503 scissurae
733 4453 758 4500 in
777 4470 808 4501 eo
824 4454 921 4517 siparum
932 4454 1031 4502 spissime
1043 4453 1181 4503 videretur.
1209 4452 1276 4501 rinno
1289 4451 1363 4500 beata
1375 4451 1465 4500 Maria

267 4543 382 4593 oseslolo
394 4547 432 4592 est
444 4543 526 4592 Iesum
538 4542 637 4592 diceus:
663 4541 816 4591 Benedictus
827 4542 862 4589 sit
873 4541 935 4590 deos
947 4541 990 4606 qui
1002 4540 1073 4590 sodis
1086 4537 1256 4606 tolsmfilissm
1268 4538 1345 4588 dedit.

336 4631 385 4682 His
398 4645 465 4695 queo
484 4629 511 4680 iu
525 4629 582 4680 rod.
596 4644 615 4679 ιι
629 4628 809 4694 respondent,
829 4627 889 4678 vide
903 4627 937 4678 sd
950 4644 1044 4694 evang.
1058 4627 1150 4677 Thom.
1164 4627 1224 4676 Imt.
1238 4641 1295 4690 cop.
1308 4625 1352 4675 lx.
1377 4625 1463 4675 Etiam

269 4717 296 4769 in
309 4733 327 4769 n
340 4718 516 4784 praecedunt,
535 4718 637 4784 paritor
650 4723 731 4782 otque
750 4717 778 4767 iu
791 4730 822 4775 a,
841 4732 908 4782 quse
922 4732 980 4766 cum
994 4716 1112 4767 ciusdem
1127 4715 1188 4765 libri
1202 4730 1259 4780 esp.
1273 4712 1347 4764 VIII.
1360 4728 1465 4778 compo·

269 4805 357 4855 nendo
370 4809 441 4854 suot.
