3458 5640
263 556 326 619 414
619 556 747 607 sveno.
766 531 944 607 rimosum
970 557 1057 606 rsus
1076 558 1111 608 u.
1216 628 1221 640 Ι

263 706 374 799 desse,
408 706 612 790 paralyticos
644 726 793 790 curasse,
825 705 1000 771 daemones
1031 705 1073 771 ub
1103 707 1291 774 homiuibus
1323 709 1467 797 fugasse,

262 817 409 875 mortuos
432 801 534 875 etium
558 812 752 894 suscitasse,
783 812 965 894 imperasse
996 812 1116 896 ventis,
1148 811 1335 881 ambulasse
1367 818 1466 881 siccis

262 915 404 999 pedibus
432 936 532 999 super
559 915 664 981 undas
692 916 807 998 muris,
837 922 870 981 et
892 916 998 982 multu
1020 917 1087 982 ulie
1110 917 1205 1001 signu
1229 919 1467 987 miraculorum

263 1019 398 1084 secisse:
436 1027 469 1084 et
501 1041 577 1084 cum
610 1021 715 1085 omnis
745 1021 889 1104 populus
920 1020 1122 1086 Iudaeorum
1152 1022 1256 1087 filium
1286 1024 1340 1089 dei
1371 1021 1467 1089 illum

263 1144 336 1188 osse
359 1123 498 1208 diceret,
527 1124 686 1189 inuidiam
710 1130 828 1190 eontra
851 1146 925 1189 eum
949 1125 1039 1209 passi
1062 1131 1141 1189 sunt
1163 1127 1329 1210 principes
1357 1149 1467 1194 sucer-

265 1225 379 1290 dotum
403 1229 437 1290 et
460 1231 640 1290 tenuerunt
663 1247 737 1290 eum
761 1231 795 1291 et
816 1225 897 1290 mihi
919 1225 1140 1307 tradiderunt,
1162 1233 1196 1292 et
1217 1228 1285 1294 eliu
1305 1250 1367 1312 pro
1390 1229 1468 1294 eliis

263 1327 342 1392 mihi
372 1330 570 1393 mentientes
592 1328 748 1393 dixerunt
774 1329 876 1392 istum
904 1350 1037 1412 magum
1065 1350 1137 1395 esse
1164 1335 1198 1394 et
1220 1337 1336 1396 eontra
1357 1329 1466 1415 legem

264 1449 377 1493 eorum
400 1449 508 1512 agere.

348 1528 422 1614 Ego
450 1536 561 1595 autem
590 1529 715 1596 credidi
741 1530 791 1595 ite
819 1549 905 1613 esse,
937 1535 970 1594 et
998 1527 1201 1612 flagellatum
1228 1531 1352 1596 tradidi
1372 1531 1467 1597 illum

263 1727 309 1781 est.
327 1723 407 1771 eoeeis
422 1723 502 1772 uisum
516 1721 668 1772 restituebat
684 1726 727 1772 ete
743 1720 747 1789 Ι
764 1722 845 1771 Amb'
856 1723 937 1772 daem.
950 1723 1075 1790 sffupmse
1087 1721 1181 1784 (etiem
1194 1711 1276 1773 umbi
1288 1722 1421 1790 sffbpasse)
1434 1724 1468 1774 ab

262 1812 343 1868 bom.,·
360 1815 434 1860 mort.
446 1827 511 1860 suso.
524 1816 588 1860 ente
602 1809 715 1872 leprosos
727 1812 820 1875 ponit;
834 1812 899 1860 item
912 1815 976 1860 ente
988 1812 1126 1874 imperasse
1138 1811 1190 1861 edd
1203 1817 1284 1861 mutos
1296 1811 1367 1876 loqui
1370 1813 1469 1877 secisse

284 1886 319 1949 Db
332 1914 373 1946 om
387 1898 501 1961 leprosos
513 1924 523 1933 -
539 1898 627 1948 suerit.
644 1896 649 1961 Ι
664 1901 740 1948 etium
753 1913 811 1947 oum
824 1887 872 1948 ΒΜ
886 1897 942 1948 (lue
956 1898 1016 1963 Heg
1034 1933 1041 1947 .
1057 1934 1063 1949 .
1082 1887 1179 1948 Amb¹²b
1193 1899 1245 1948 Hel
1259 1899 1320 1949 sus*
1332 1915 1383 1958 om,
1401 1900 1468 1949 item

263 1986 351 2037 texts*
378 2021 385 2035 .
406 2020 413 2034 .
441 1987 515 2035 Mero
537 1986 692 2036 auctoritate
715 1984 719 2048 Ι
744 1974 778 2035 Db
800 1988 927 2048 imperare
950 1984 955 2049 Ι
978 1990 1053 2048 ss'pna
1073 1986 1223 2036 miraculos.
1252 2001 1311 2035 oum
1328 1975 1363 2036 Db
1383 1983 1469 2049 Amin*

264 2074 343 2135 (item
361 2071 489 2121 miracula
505 2078 532 2123 et
547 2073 622 2136 sipna
641 2070 710 2129 odl’l,
728 2071 856 2120 miraoula
875 2070 931 2133 six)
949 2106 956 2120 .
972 2107 979 2120 .
1000 2071 1056 2122 Gue
1069 2061 1152 2121 biubb
1165 2073 1239 2121 bisso
1252 2071 1322 2121 Chss
1335 2073 1470 2122 muamus

265 2193 295 2207 ..
316 2157 377 2222 Ileg
394 2172 446 2206 om.
490 2156 590 2206 Graece
609 2163 651 2206 est
670 2149 817 2224 θαυμάσια
838 2153 916 2220 (edd²
933 2149 1082 2223 θαύματα)
1107 2156 1112 2218 Ι
1135 2163 1160 2207 et
1179 2157 1230 2218 (ita
1246 2145 1375 2207 nieme·
1393 2157 1469 2220 οᾱΡῑς

264 2243 338 2292 Mero
352 2245 431 2298 buue,·
449 2242 482 2292 1)ο
496 2241 552 2292 Gue
572 2241 673 2306 ultique
692 2241 746 2303 om)
765 2259 819 2292 oum
837 2240 911 2305 (edpr
921 2258 973 2301 om,
985 2231 1068 2291 Ambl'
1081 2258 1135 2290 eum
1146 2242 1238 2306 ipitur)
1249 2244 1330 2292 omnis
1342 2259 1405 2307 pop.
1416 2244 1469 2305 (its

264 2318 360 2378 Amb'b
374 2328 430 2380 Gue
443 2329 516 2379 Mese
530 2331 590 2395 lleg
604 2328 689 2390 Chen
707 2319 755 2380 Due
766 2330 827 2380 erlpr
839 2328 914 2380 usulti
929 2330 960 2378 de
976 2328 1084 2394 populo)
1096 2354 1106 2365 ·
1118 2346 1171 2379 esse
1183 2318 1291 2392 (Amb⁸¹'
1304 2328 1359 2392 om)
1371 2331 1470 2383 sueres

265 2416 317 2479 (its
333 2405 430 2466 Ambus
443 2417 517 2468 bleso
535 2417 595 2482 Heg
615 2415 698 2476 cluss,
718 2418 782 2468 item
802 2419 916 2469 dicerent
935 2416 1005 2477 (iue;
1029 2405 1215 2477 obtruderent,
1234 2419 1267 2469 ῐ>ο
1278 2416 1468 2488 erediderunt!

264 2504 386 2553 insiliam
409 2520 447 2553 eo.
468 2520 522 2553 eum
544 2505 616 2567 possi
639 2508 698 2553 nent
721 2520 780 2554 cum
798 2493 847 2555 »¹³⁰
864 2491 946 2554 Ambl’
964 2502 1027 2554 esll'r
1044 2504 1117 2555 Mese
1140 2504 1201 2569 Heg
1222 2505 1389 2570 sitisque..
1410 2505 1469 2556 (lue

263 2591 362 2639 inuidia
380 2607 418 2640 eo.
432 2608 486 2639 euru
505 2592 576 2640 ducti
594 2596 661 2649 ment,
681 2592 807 2642 similiter
825 2591 1213 2654 Amb¹¹1prinusaeerdeum
1233 2591 1289 2642 Gue
1307 2591 1369 2642 edl’l
1384 2581 1468 2642 Ambl'

265 2675 347 2724 bmb⁸
365 2674 424 2737 (sod
443 2678 496 2725 isto
515 2678 569 2725 sie:
594 2682 619 2725 et
635 2677 719 2738 prino.
733 2677 834 2725 sacerd.
849 2677 948 2725 inuidia
966 2692 1003 2726 oo.
1018 2692 1072 2724 eum
1088 2676 1168 2733 ducti.
1186 2682 1211 2724 et
1224 2677 1306 2739 primi
1322 2677 1469 2726 saoerdotes

266 2766 291 2809 et
308 2759 407 2808 seribae
425 2764 450 2808 et
467 2760 605 2809 Pborisaei
623 2760 858 2823 comprehendentes
881 2776 935 2808 eum
960 2758 1014 2821 ote)
1042 2758 1102 2816 Sis,
1126 2760 1191 2808 item
1209 2759 1294 2821 prino.
1315 2760 1470 2809 Iudaeorum

267 2848 340 2895 Mure
355 2847 414 2909 Hsg
427 2845 496 2894 Clsus
514 2880 519 2892 .
536 2882 542 2895 .
561 2835 609 2896 »ΙΝ
626 2850 709 2908 princ.
723 2848 822 2895 sacerd.
835 2847 934 2895 scribae
951 2851 975 2894 et
987 2846 1125 2894 Pharisaei
1136 2846 1297 2895 Iudaeorum.
1313 2845 1319 2908 Ι
1334 2848 1471 2895 enarum

267 2947 321 2981 sum
339 2936 364 2980 et
380 2932 442 2979 mebi
460 2930 530 2995 (ΗΘΒ
549 2927 619 2980 Ches
637 2930 757 2995 metuique)
777 2947 836 2980 eum
856 2930 912 2980 Gus
930 2919 1013 2980 Ambl’
1025 2930 1086 2996 Heg
1099 2931 1173 2981 Mure
1189 2929 1259 2980 Cbee
1278 2965 1307 2981 ..
1327 2919 1375 2981 Dte
1387 2930 1470 2980 Amin·

221 3027 224 3036 “
268 3016 329 3067 ndpr
342 3021 453 3068 tenentes
470 3015 564 3079 (Amb¹²
576 3015 821 3081 consprebendentes)
834 3033 889 3065 eum
902 3015 947 3076 (1³⁰
959 3031 1011 3074 om,
1024 3016 1085 3066 mll’r
1098 3016 1151 3065 edd
1169 3014 1204 3079 et)
1216 3017 1286 3066 mibi.
1316 3015 1415 3066 Graece
1428 3018 1470 3066 sie

267 3104 367 3166 tegitur
386 3093 493 3167 ᾠθὸμῳ
509 3093 562 3167 obp
582 3099 639 3162 (cdl
654 3098 695 3149 καί
709 3097 766 3167 ᾠθ.,
786 3099 831 3150 ed¹
845 3118 887 3151 om
901 3094 967 3168 οὗμ)
988 3101 1013 3150 οῖ
1033 3098 1176 3166 ᾶρχιερεῖσ
1193 3096 1249 3149 κατ’
1266 3095 1358 3149 αὐτοῦ
1377 3093 1469 3168 mposi-

269 3198 351 3252 μεμοι
374 3178 541 3252 ἑκράτιισαμ
565 3179 657 3253 αὐτόμ
681 3183 723 3234 καί
745 3183 809 3253 ἐμοὶ
835 3184 897 3247 (cdl
920 3179 1126 3253 sportisupres
1149 3183 1229 3255 ἐμοὶ)
1256 3178 1348 3253 αὐτὸμ
1373 3181 1469 3250 mopi-

268 3270 365 3341 ὁωκαμ
386 3282 437 3323 etc.
475 3272 520 3321 Six
540 3279 603 3336 post
622 3277 702 3322 roeeis
719 3279 767 3322 ute.
786 3273 937 3322 restituebat
960 3275 1013 3322 sie:
1039 3274 1152 3339 leprosos
1168 3273 1319 3332 mundubat,
1343 3273 1471 3322 resolutos

268 3362 353 3407 nnsis
375 3360 496 3409 curabat:
519 3361 639 3408 sitierunt
657 3375 753 3423 quoque
774 3360 854 3422 ipsum
872 3360 1005 3408 daemonia
1027 3360 1139 3423 abepisse
1161 3364 1236 3423 atque
1260 3358 1371 3408 obsessos
1392 3359 1469 3423 spiri·

268 3444 335 3494 tibus
352 3445 485 3493 immundis
497 3444 633 3493 liberasse.-
651 3450 764 3493 mortuoe
782 3445 840 3492 item
858 3460 889 3492 ex
907 3444 1032 3508 sepulcris
1048 3444 1112 3504 ipsis
1129 3444 1304 3499 resuseitaoits
1322 3443 1472 3492 obediebant

269 3530 320 3592 ipsi
336 3535 465 3579 ventorum
484 3530 609 3588 turbines,
631 3531 705 3578 sireis
718 3529 827 3591 pedibus
845 3545 914 3578 mare
933 3528 1118 3579 inambulabat:
1138 3531 1209 3594 feeit
1226 3529 1282 3579 alia
1299 3544 1395 3594 quoque
1408 3545 1470 3592 per·

268 3614 350 3663 multo
371 3616 510 3675 miracula,
537 3621 565 3664 ut
587 3614 663 3677 usslpo
686 3616 764 3663 etium
788 3616 855 3664 inter
873 3615 983 3664 ludaeos
1005 3620 1029 3664 et
1052 3614 1150 3677 plebem
1171 3615 1214 3664 dei
1232 3614 1310 3680 silius
1332 3615 1470 3665 diceretur.

270 3702 405 3765 Principes
430 3717 489 3750 uero
513 3702 673 3750 sacerdotum
700 3700 869 3750 aemulatione
895 3705 920 3750 et
947 3701 1027 3750 liuore
1053 3701 1167 3750 instincti
1193 3701 1395 3752 adversabantur
1418 3701 1470 3763 illi,

270 3795 419 3854 raptumque
436 3789 509 3839 illum
527 3791 589 3839 uniti
607 3791 771 3840 tradiderunt
789 3796 832 3840 ste
857 3789 862 3853 Ι
886 3790 942 3839 alio
959 3807 1010 3853 pro
1029 3790 1090 3840 aliis
1108 3779 1200 3852 (umbi
1219 3791 1292 3840 aliud
1306 3796 1366 3856 post
1384 3791 1471 3853 aliud)

272 3914 301 3929 ..
322 3878 395 3925 Mera
420 3876 472 3924 edd
496 3875 578 3924 multa
601 3877 606 3935 Ι
634 3877 697 3925 mibi
717 3878 863 3925 mentientes
886 3892 944 3924 eum
963 3875 1055 3933 Ambl,
1081 3877 1145 3925 item
1170 3875 1256 3925 texet*
1280 3868 1470 3941 καταψευσά-

271 3974 354 4028 pepon
375 3996 405 4010 ..
424 3963 522 4025 reliqui
541 3963 603 4010 mibi
621 3963 652 4010 de
670 3978 698 4010 eo
716 3965 862 4010 mentientes
877 3960 881 4023 Ι
897 3962 1016 4010 (tinemut
1039 3974 1097 4009 cum
1117 3961 1172 4010 Gue
1191 3949 1286 4008 Ambll'
1305 3961 1379 4017 eder,
1404 3962 1470 4009 item

270 4050 358 4100 tentiir
377 4083 406 4097 ..
431 4049 528 4112 reliqui
547 4049 600 4099 edd
619 4055 760 4098 asserentes
775 4048 779 4111 Ι
794 4049 869 4096 istum
888 4046 980 4109 (Amb⁸
998 4047 1059 4097 sdP‘
1077 4047 1162 4104 illum,
1186 4035 1267 4095 bmbb
1285 4046 1349 4108 mm)
1372 4064 1472 4111 mapsam

270 4135 362 4197 (Ambll
379 4137 529 4200 snalipnum,·
557 4136 608 4185 'Phi
628 4137 744 4184 ervitio
764 4135 852 4184 edidit
874 4134 1001 4197 maynum)
1024 4150 1076 4182 esse
1096 4139 1122 4182 et
1143 4148 1181 4182 eo.
1201 4133 1250 4196 lep.
1269 4149 1354 4181 eorum
1376 4134 1472 4195 (Amb‘

270 4240 326 4284 0m3
356 4223 418 4274 edi*r
441 4239 480 4274 eo.
498 4222 581 4285 deunn)
605 4239 690 4285 apere.
729 4222 774 4269 Sis
799 4224 861 4284 post
888 4220 1052 4268 tradiderunt
1075 4218 1164 4281 pergit
1188 4218 1313 4265 ementitis
1333 4215 1472 4266 seelers'bus

269 4328 323 4360 eum
341 4325 411 4360 reum
421 4311 566 4373 jacintes:
584 4325 683 4371 mapum
702 4305 868 4370 appellabant
886 4308 962 4368 atque
980 4303 1044 4366 lepis
1062 4317 1147 4351 eorum
1159 4302 1311 4349 desertorem
1328 4307 1353 4350 et
1370 4308 1471 4350 eontra·

269 4399 401 4446 dictorum.

357 4485 457 4533 credidi
470 4500 527 4533 cum
542 4483 598 4532 Gue
611 4483 644 4532 1³⁰
658 4469 739 4531 bmbb
752 4481 825 4529 Marc
839 4478 899 4542 Hog
913 4484 956 4527 etc
969 4513 975 4527 .
989 4512 996 4525 .
1013 4477 1078 4525 llmb
1092 4477 1216 4538 (eredens,
1230 4475 1276 4525 sed
1289 4480 1421 4538 sequente
1433 4473 1471 4536 et)

269 4561 304 4623 Dl'
318 4572 378 4621 odpr
391 4587 482 4635 pssum
494 4570 578 4618 uerbis
590 4584 681 4617 eorum.
707 4565 806 4617 Greece
820 4572 861 4614 ost
873 4553 1053 4611 ωιστεύσασ.
1079 4561 1123 4610 Sis
1137 4563 1176 4611 sie
1188 4560 1290 4625 pergit:
1308 4559 1403 4621 Quibus
1412 4576 1471 4624 per-

269 4661 429 4710 suasionibus
441 4659 558 4708 seduotus
569 4658 623 4719 ipse
634 4654 714 4716 fidem
728 4655 838 4719 querelis
850 4669 934 4703 eorsum
945 4651 1059 4708 adtribui,
1070 4649 1283 4716 flapellatumque
1295 4649 1359 4713 ipsis
1371 4648 1473 4697 tradidi
