3458 5640
463 657 796 708 Psnooomnn‘rnesl
814 656 1054 707 uvsuoumum.
1082 655 1155 706 CAP.
1173 653 1267 704 xxxl.
1392 651 1459 716 ‘101

266 806 312 873 sit
326 806 441 890 Thau,
466 813 502 873 et
523 829 585 892 ego
608 807 721 873 dicsm
742 806 807 873 tibi
830 806 914 890 quid
937 807 983 873 sit
997 803 1125 902 Alepln.
1160 803 1208 870 Et
1229 805 1354 871 iterum
1375 802 1490 869 dixiti

265 911 309 977 sd
331 932 389 977 eos
405 911 522 978 lesus:
555 910 623 995 Qui
650 933 718 978 non
739 917 869 978 norunt
884 908 1015 994 Aleph‚
1036 909 1135 976 Thou
1153 910 1326 994 quomodo
1344 909 1460 974 dicere

264 1022 425 1102 possunt,
448 1013 673 1100 hypocritae?
708 1014 827 1081 Dicite
841 1014 932 1098 ¹quid
955 1015 1002 1079 sit
1021 1014 1169 1099 primum
1185 1011 1318 1097 Aleph‚
1340 1019 1375 1079 et
1397 1034 1460 1096 ego

264 1126 347 1185 tunc
362 1119 460 1184 vobis
478 1118 616 1183 credam
634 1139 710 1182 cum
727 1118 886 1183 dixeritis
902 1117 1006 1182 Beth.
1031 1116 1079 1182 Et
1095 1117 1212 1200 coepit
1226 1117 1327 1184 Iesus
1345 1118 1462 1200 singu-

264 1223 373 1286 larum
390 1221 586 1286 litterarum
604 1221 744 1284 nomino
759 1221 988 1302 interrogare,
1004 1224 1040 1283 et
1049 1218 1150 1283 dixit:
1173 1219 1281 1284 Dicat
1296 1219 1463 1302 magister

264 1325 362 1408 legis,
385 1326 498 1407 prims
513 1323 633 1387 littera
648 1321 732 1405 quid
751 1323 806 1399 sit,
826 1321 880 1384 vel
897 1341 1004 1403 quere
1022 1321 1216 1404 triangulos
1233 1321 1361 1386 habeat
1376 1322 1461 1384 mul-

264 1433 329 1508 tos,
346 1428 520 1512 gradatus,
543 1428 743 1510 subscutos,
760 1427 941 1508 mediatos,
961 1426 1142 1508 obductos,
1165 1428 1365 1511 productos,
1389 1448 1462 1493 ere·

265 1536 349 1612 ctos,
367 1536 505 1615 stratos,
523 1531 758 1597 curvistratos.
797 1529 883 1596 Cum
900 1535 1016 1595 sutem
1035 1529 1119 1594 Levi
1136 1530 1201 1595 hoc
1218 1530 1385 1612 audisset,
1403 1531 1461 1596 ob-

264 1635 484 1721 stupefactus
501 1641 555 1701 est
570 1634 613 1700 sd
630 1641 762 1700 tentam
775 1633 1042 1718 dispositionem
1061 1633 1236 1701 nominum
1254 1633 1460 1700 litterarum.

265 1739 393 1806 ³'lunc
417 1741 534 1824 coepit
560 1741 695 1805 cunctis
720 1738 946 1805 audientibus
969 1739 1118 1805 clamare
1145 1746 1180 1806 et
1201 1738 1332 1806 dicere:
1368 1738 1461 1806 Num

266 1844 371 1911 debet
386 1840 453 1911 iste'
470 1865 575 1929 super
589 1851 683 1910 terra
698 1841 834 1910 vivere?
858 1842 932 1908 Imo
951 1843 986 1907 in
1005 1864 1129 1927 magna
1145 1864 1247 1908 cruce
1264 1842 1390 1928 dignus
1409 1849 1463 1911 est

266 1948 428 2032 appendi.
458 1947 548 2014 Nam
568 1953 686 2032 potest
707 1948 821 2031 iguem
840 1947 1043 2030 extinguere
1068 1953 1112 2012 et
1125 1946 1195 2011 slis
1211 1946 1377 2013 deludere
1395 1954 1463 2014 tor·

265 2058 391 2118 menta.
414 2051 490 2135 Ego
507 2057 591 2135 puto
609 2051 701 2134 quod
720 2051 778 2114 hic
794 2055 874 2115 ante
892 2050 1130 2115 cataclismum
1147 2048 1264 2131 fuerit
1282 2057 1362 2116 ante
1374 2049 1463 2115 dilu-

264 2156 355 2220 vium
372 2161 484 2220 ustus.
516 2154 603 2238 Quis
620 2154 711 2218 enim
727 2159 848 2218 venter
863 2153 962 2218 illum
979 2150 1153 2236 portavit?
1169 2143 1232 2218 sut
1246 2175 1335 2238 quse
1351 2159 1463 2219 meter

266 2260 388 2344 genuit
406 2256 529 2324 illum?
550 2264 611 2323 sut
627 2278 715 2342 quoe
736 2257 844 2323 ubero
865 2256 963 2322 illum
981 2255 1220 2323 lactaverunt?
1249 2257 1363 2343 Fugio
1380 2264 1461 2324 ante

268 2384 359 2444 eum;
382 2385 450 2429 non
473 2362 564 2428 enirn
585 2362 682 2428 valeo
707 2363 880 2428 sustinere
898 2361 1039 2427 verbum
1061 2383 1102 2427 ex
1123 2382 1181 2427 ore
1205 2362 1296 2444 eius,
1319 2362 1380 2428 sed
1403 2383 1463 2428 cor

266 2486 379 2531 meum
400 2466 571 2550 stupescit
591 2466 676 2532 talis
697 2465 802 2531 verba
822 2464 954 2531 audire.
998 2463 1144 2530 Nullum
1170 2465 1262 2530 enim
1283 2466 1461 2532 hominum

264 2576 349 2655 puto
375 2570 450 2636 eius
474 2570 642 2653 consequi
664 2568 819 2652 verbum,
842 2568 911 2633 nisi
933 2567 1041 2633 fuerit
1063 2567 1148 2633 deus
1172 2589 1248 2633 cum
1271 2589 1323 2635 eo.
1355 2568 1461 2635 Nunc

266 2696 328 2759 ego
350 2675 425 2758 ipse
448 2673 570 2738 infelix
593 2672 723 2738 tradidi
745 2693 798 2737 me
822 2671 903 2737 huic
924 2671 959 2736 in
983 2669 1146 2736 derisum.
1183 2669 1270 2736 (lum
1293 2672 1385 2737 enim
1405 2694 1458 2737 me

263 2776 560 2860 putoremhsbere
572 2777 792 2860 discipulum,
810 2775 926 2839 inveni
937 2775 1141 2858 magistrum
1151 2795 1275 2856 meum,
1293 2776 1474 2859 ignorans
1516 2809 1519 2815 ¹

263 3025 330 3074 dieii
339 3024 426 3073 Ieensr
447 3022 497 3085 Qui
509 3022 591 3087 ulpio
603 3039 651 3073 non
660 3027 761 3082 norunt,
774 3024 894 3088 quomodo
904 3027 949 3073 tan
959 3021 1054 3083 (cocles
1065 3021 1122 3083 con)
1132 3022 1340 3086 discereposeunt
1352 3047 1362 3060 ·
1373 3023 1461 3074 Dicite

263 3110 324 3160 midi
331 3111 440 3173 primurn
453 3110 513 3174 quid
525 3111 560 3160 sit
571 3109 659 3174 ulpio,
672 3115 697 3159 et
709 3114 768 3159 tunc
780 3111 881 3160 credam
893 3135 902 3146 ·
916 3110 990 3159 serua
1002 3135 1011 3146 ·
1024 3110 1184 3172 interrepere
1195 3109 1296 3159 dicens.-
1313 3110 1365 3159 Dic
1376 3111 1437 3159 midi
1449 3137 1458 3148 ·

261 3196 347 3259 prima
359 3195 448 3244 litters
461 3212 539 3260 perure
551 3196 625 3244 trudet
637 3197 731 3260 triunp.
744 3196 844 3254 inultos,
855 3201 1006 3260 procer-atos
1019 3195 1083 3256 (sic,
1103 3196 1211 3245 Thiloni
1223 3195 1364 3246 videbatur
1374 3198 1459 3259 piace·

265 3283 345 3342 rator)
359 3281 491 3331 mbacstcs
502 3283 625 3331 mediator
632 3282 772 3346 productos
784 3282 881 3332 obderet.
894 3286 970 3330 creet.
983 3287 1059 3331 strat.
1073 3282 1241 3332 mirvistrctos
1253 3282 1316 3343 (hoc
1330 3298 1360 3331 ex
1374 3282 1460 3332 ducti-

265 3367 313 3415 bus
326 3367 459 3429 corruptis
471 3367 556 3414 multo
569 3366 668 3414 rectius
682 3365 799 3415 efficitur
809 3382 886 3430 quem
897 3366 967 3429 quod
978 3366 1057 3414 Thilo
1071 3366 1148 3415 dedit
1160 3365 1315 3431 confractos)
1328 3367 1368 3416 vel
1380 3371 1460 3417 cruri·

267 3451 331 3506 ticos
343 3477 352 3487 ·
364 3453 522 3515 stupefactus
534 3456 571 3499 ert
583 3452 617 3499 od
630 3455 694 3500 tant·
707 3452 801 3514 dispoe
815 3451 961 3499 litterarum
972 3451 1165 3499 norrrinotornm.

331 3539 355 3584 3.
374 3536 440 3584 Num
455 3536 527 3584 dedet
543 3537 591 3584 iste
607 3552 683 3600 cuper
699 3541 772 3585 terro
788 3536 871 3585 cicere
889 3540 946 3584 etc:
970 3536 1004 3583 cf.
1022 3550 1112 3584 rursus
1131 3549 1148 3582 n
1166 3536 1200 3584 sd
1219 3536 1301 3595 XXX,
1320 3540 1344 3586 4.
1364 3535 1368 3603 Ι
1388 3554 1419 3587 ee
1434 3556 1461 3588 se

263 3622 331 3684 ipso:
344 3621 427 3670 codex
440 3636 471 3669 er
482 3637 508 3669 ee
521 3622 600 3685 ipsius

330 3718 348 3753 D
362 3706 400 3755 sic
413 3706 515 3771 pergit:
531 3707 602 3769 Cepit
614 3723 673 3770 erpo
686 3707 783 3755 cunctis
794 3706 853 3755 aud.
867 3729 876 3742 ·
889 3706 936 3755 iste
945 3722 1012 3770 puer
1025 3706 1107 3755 sisere
1118 3723 1194 3770 serper
1207 3711 1302 3756 terram
1315 3733 1323 3743 ·
1337 3712 1461 3758 tormenta

261 3791 387 3840 deludere.
412 3791 541 3854 Epoperto
555 3792 686 3855 pulsante
699 3796 748 3840 cat.
762 3792 936 3855 natrmsercrit.
965 3790 1028 3853 Qui-r
1041 3816 1050 3828 ·
1064 3791 1136 3839 illum
1145 3794 1459 3855 pensavit-emuneta-

263 3877 366 3927 uerunt?
391 3876 497 3940 aniam
509 3881 591 3926 cirtem
604 3876 676 3924 illurn
689 3901 697 3912 ·
710 3877 754 3924 sed
766 3881 791 3925 et
803 3893 847 3925 cor
866 3902 874 3911 -
890 3875 995 3924 Nullum
1009 3877 1086 3926 etiarn
1097 3878 1217 3926 hominem
1234 3904 1242 3914 ·
1260 3894 1333 3941 porse
1345 3882 1462 3946 consequi

262 3985 271 3998 ·
284 3963 344 4011 dene
356 3963 382 4011 in
394 3978 422 4011 eo
435 3989 443 3999 ·
459 3962 517 4010 Cum
525 3968 644 4025 pretorem
657 3979 693 4011 nne
704 3963 796 4010 ludere
807 3963 870 4010 disc.
885 3964 1006 4026 ipsorum
1018 3979 1072 4011 eum
1084 3980 1162 4012 meum
1175 3965 1258 4012 inueni
1269 3981 1334 4029 incy.
1348 3991 1357 4002 ·
1370 3967 1401 4015 de
1412 3969 1459 4016 lice

262 4051 344 4095 autem
355 4048 443 4095 munic.
455 4049 516 4112 sup.
530 4049 589 4110 quio
604 4047 675 4096 illurn
688 4048 817 4096 intendere
830 4034 972 4096 noriunleo.
998 4048 1037 4095 As
1056 4049 1103 4114 ins.
1116 4051 1201 4098 enr'rn·
1216 4051 1385 4115 sequestrem.
1412 4051 1458 4103 lie·

263 4133 335 4195 lique
349 4132 427 4180 huius
440 4133 538 4194 cepitis
551 4133 659 4182 desunt.

329 4215 450 4265 Historia
463 4217 490 4264 in
504 4215 595 4266 codice
608 4229 625 4264 s
639 4216 665 4265 h.
678 4218 698 4265 l.
710 4219 800 4282 positu
813 4219 845 4268 sb
859 4225 974 4283 utroquo
988 4217 1080 4268 codice
1091 4218 1169 4268 selde
1183 4218 1281 4278 differt,
1295 4222 1360 4270 licet
1373 4222 1460 4274 simile

262 4306 444 4367 argumentum
464 4301 570 4351 hebent.
595 4301 639 4351 Its
657 4303 728 4352 enim
748 4303 785 4353 ibi
804 4304 934 4370 scriptum
954 4306 1009 4355 est:
1035 4304 1121 4369 Ipitur
1134 4308 1195 4367 poet
1206 4321 1304 4370 pancos
1321 4308 1375 4356 dies
1392 4309 1460 4358 venit

263 4387 329 4438 alise
339 4388 441 4446 doctor,
458 4390 553 4438 amicire
564 4389 669 4451 Ioseph,
682 4385 738 4455 [et]
750 4390 817 4439 dicit
830 4391 864 4440 ad
876 4407 945 4440 eum.-
969 4390 1057 4440 Amice
1069 4389 1216 4450 tamesim,
1227 4390 1315 4456 fllium
1328 4397 1396 4442 tunm
1407 4399 1458 4444 eta·

264 4480 322 4525 tero
338 4480 486 4526 crescentem
503 4477 570 4525 inter·
585 4477 695 4526 domines
708 4492 757 4540 per
768 4478 810 4527 dei
819 4479 933 4542 pretinm
946 4475 981 4542 [si
995 4475 1050 4542 vis]
1058 4477 1197 4544 proficere,
1217 4478 1308 4528 tradar
1325 4496 1379 4530 erem
1390 4481 1460 4540 midi,

264 4564 378 4627 quoniam
398 4580 442 4629 epo
463 4580 517 4612 cnm
537 4563 618 4613 mults
639 4565 765 4614 errasitute
780 4565 872 4614 ‹loccdo
889 4581 942 4614 cum
958 4565 1115 4631 pestilitatis
1133 4565 1236 4614 litteras
1255 4562 1310 4632 [et]
1328 4568 1458 4628 hebraeas,

260 4654 349 4714 portes
357 4651 563 4715 prammnticarn,
581 4656 605 4700 et
618 4650 686 4700 ulicis
690 4651 837 4716 securitates
849 4652 937 4717 pullus
946 4653 1043 4715 poterit
1055 4669 1072 4700 α
1085 4651 1220 4700 rudioribus
1232 4651 1317 4702 Israel
1328 4655 1458 4704 honorari.

263 4736 339 4786 Dicit
350 4737 384 4785 ad
396 4753 450 4786 eum
459 4737 566 4800 Ioseph:
586 4737 616 4787 Si
623 4738 761 4799 praevales
773 4754 835 4797 nm,
847 4738 882 4787 cul
891 4738 1106 4800 disciplinandum
1118 4736 1217 4801 suscipe,¹
1223 4737 1278 4803 Jlrrt
1290 4755 1344 4788 curn
1352 4742 1458 4805 pandis.

264 4821 301 4869 Et
322 4838 375 4869 cnm
395 4823 533 4885 accepisset
553 4839 606 4870 eum
626 4823 716 4873 doctor
735 4827 760 4873 et
781 4824 815 4872 od
833 4825 931 4873 domurn
947 4825 1060 4874 doctoris
1078 4841 1132 4872 curn
1152 4821 1308 4875 exultatione
1326 4825 1460 4886 vaierent,
