3458 5640
359 615 593 670 evestamum
613 618 760 670 Tuom
778 617 948 671 hermulo.
976 618 1006 668 x.
1024 617 1070 669 xl.
1253 619 1317 683 175

117 763 171 832 vel
188 766 230 833 ad
241 772 395 851 puteum,
413 775 514 834 erant
529 767 578 835 ibi
589 768 760 853 plurimae
771 766 895 835 turbae
913 773 949 834 et
963 767 1147 853 fregerunt
1157 750 1314 854 hydriam

118 870 203 939 eius.
250 871 262 911 ²
279 870 361 956 Ipse
378 893 458 940 vero
475 874 613 959 accepit
630 872 775 958 pallium
792 873 879 956 eius,
896 873 933 939 in
951 894 1019 958 quo
1038 872 1261 958 induebatur,
1280 880 1316 941 et

117 975 272 1060 implevit
296 997 372 1042 eum
399 999 504 1062 aqua,
531 984 566 1045 et
590 978 711 1045 attulit
733 977 868 1045 Mariae
894 977 997 1044 matri
1022 979 1108 1044 eius.
1155 977 1312 1065 Cumque

116 1085 226 1147 mater
240 1079 386 1148 vidisset
402 1082 607 1150 miraculum
624 1083 717 1168 quod
739 1083 824 1150 iecit
839 1082 957 1167 Iesus,
980 1082 1138 1149 osculata
1158 1090 1213 1151 eet
1235 1106 1313 1151 eum

116 1191 152 1251 et
166 1185 267 1250 dixit:
301 1185 463 1271 Domine,
482 1189 608 1254 exaudi
623 1209 677 1254 me
695 1195 730 1254 et
746 1189 841 1254 salva
856 1187 966 1253 filium
982 1208 1106 1254 mcum.

268 1357 363 1411 Carum
382 1363 412 1412 Χ.
449 1362 624 1420 QUOMODO
643 1363 743 1413 lusus
764 1362 959 1412 Slllleth'l'
977 1360 1157 1413 mundun.

201 1471 312 1539 ¹Oum
328 1482 443 1540 autem
462 1483 556 1543 esset
566 1482 702 1560 tempus
715 1476 921 1558 seminandi,
940 1494 1101 1560 egressus
1119 1473 1310 1558 estIosoph

115 1572 158 1639 ad
184 1576 426 1643 seminandum
452 1580 622 1663 triticum,
648 1585 684 1645 et
708 1585 849 1646 secutus
876 1584 930 1645 cst
957 1599 1036 1643 eum
1060 1576 1172 1643 Iesus.
1216 1576 1309 1643 Dum

113 1684 229 1744 autem
246 1681 363 1765 coepit
379 1683 551 1751 seminare
568 1683 709 1769 Ioseph,
732 1683 891 1751 extendit
904 1704 1044 1749 manum
1060 1682 1162 1748 Iesus
1179 1685 1214 1746 et
1230 1680 1312 1746 tulit

113 1779 155 1847 de
172 1781 290 1849 tritico
309 1791 477 1868 quantum
494 1787 628 1872 pugillo
645 1794 765 1854 tenere
781 1788 898 1872 potuit
916 1792 953 1853 et
968 1785 1144 1870 dispersit.
1177 1784 1188 1818 ’
1204 1783 1312 1851 Venit

114 1905 195 1970 ergo
217 1885 347 1970 Ioseph
373 1888 408 1952 in
434 1894 590 1974 tempore
615 1889 769 1956 metendi
795 1895 835 1955 ut
858 1895 1006 1954 meteret
1030 1908 1179 1954 messem
1203 1907 1312 1953 suam.

112 1987 221 2057 Venit
242 1995 277 2054 et
291 1990 409 2074 Iesus,
431 1991 575 2079 collegit
595 1994 710 2078 spicas
734 2015 820 2078 quas
842 1993 1072 2077 disperserat,
1095 1997 1130 2058 et
1151 1991 1313 2056 fecerunt

114 2097 253 2159 centum
269 2095 386 2161 modia
402 2095 524 2180 optimi
543 2096 722 2178 frumenti3
745 2101 781 2163 et
795 2096 930 2162 vocavit
944 2115 1117 2180 pauperes
1139 2100 1175 2161 et
1189 2093 1311 2159 viduas

113 2202 149 2263 et
169 2197 358 2285 orphanos,
383 2205 418 2266 et
440 2202 595 2286 erogavit
614 2201 686 2268 illis
708 2202 864 2268 triticum
888 2198 981 2285 quod
1002 2199 1144 2266 iecerat.
1180 2196 1311 2282 Ioseph

114 2302 196 2369 tulit
220 2304 262 2371 de
295 2305 370 2389 ipso
397 2304 571 2372 frumento
596 2306 770 2373 modicum
795 2327 857 2391 pro
883 2305 1131 2372 benedictione
1156 2303 1240 2370 Iesu
1272 2302 1309 2368 in

115 2406 375 2476 domumsuam.

182 2584 274 2639 Cnrur
293 2588 338 2640 XI.
374 2587 549 2647 QUOMODO
568 2588 669 2640 lusus
688 2586 914 2646 nosueusvn·
931 2586 1071 2639 nonunt
1091 2585 1241 2637 BREVIUS

621 2673 803 2726 LONGIORI.

199 2791 208 2823 ¹
230 2788 279 2855 Et
302 2789 416 2857 sactus
442 2797 496 2857 est
519 2791 621 2858 Iesus
647 2810 816 2857 annorum
842 2794 930 2856 octo.
984 2787 1072 2854 Erat
1098 2787 1313 2855 architector

113 2888 257 2976 Ioseph,
280 2899 316 2959 ct
336 2894 488 2961 faciebat
509 2895 584 2980 ipse
606 2900 722 2961 aratra
745 2899 779 2959 et
799 2893 881 2977 iuga
900 2891 1040 2958 bobum.
1077 2889 1235 2975 Quadam
1252 2889 1308 2956 die

113 3016 326 3028 ———-——.

114 3067 237 3120 codicem
250 3076 331 3135 ceput
344 3074 386 3121 est
397 3071 514 3132 XXXV„
535 3072 606 3138 quod
625 3071 794 3123 inscribitur:
822 3069 896 3133 Quod
908 3069 980 3119 Iesus
998 3067 1088 3119 attolit
1103 3067 1192 3117 beatae
1204 3067 1309 3118 Mariae

114 3168 205 3218 aquam
217 3155 244 3203 ι’»
252 3155 338 3220 pollio
350 3138 402 3206 suo.
427 3157 492 3208 Pars
509 3159 601 3223 prior
620 3159 658 3209 sic
674 3157 770 3208 habet:

185 3239 243 3291 Ossm
259 3247 342 3293 cuum
350 3246 444 3308 sactus
454 3246 553 3311 fuisset
564 3246 636 3296 Iesus
653 3259 776 3296 csnersms
788 3244 908 3310 quinque,
926 3242 1001 3293 iussit
1016 3242 1041 3291 es'
1051 3245 1134 3291 meter
1146 3240 1200 3290 ciue
1215 3245 1244 3291 st
1260 3242 1311 3292 iret

114 3340 168 3374 cum
182 3327 261 3392 ydria
278 3329 423 3395 misertum
440 3332 546 3381 base-ire
563 3348 661 3397 equam.
687 3331 724 3381 Et
736 3346 790 3379 cum
807 3330 915 3379 eenmset
931 3328 966 3378 ad
974 3331 1091 3392 pereum,
1111 3331 1168 3376 erat
1184 3325 1219 3377 s'br'
1234 3328 1310 3376 turba

109 3409 226 3475 plurimo
233 3430 370 3478 puerorum
382 3419 551 3482 etsrspsrcnt
559 3418 661 3483 pariam
673 3419 734 3466 eius.

182 3496 250 3549 Item
264 3502 287 3549 2.
305 3504 344 3551 Ar
355 3501 401 3551 tue
412 3503 536 3567 expandit
544 3503 655 3568 palliam
666 3519 745 3562 mum,
759 3518 806 3567 quo
818 3500 944 3559 utebatur,
963 3503 988 3549 et
1000 3498 1113 3563 implevit
1125 3497 1192 3548 illud
1204 3513 1273 3562 aquo
1284 3503 1309 3549 et

112 3582 203 3632 auslit
218 3584 253 3634 ad
265 3585 379 3636 Mariam
390 3593 496 3638 matrem
507 3605 586 3638 suam.
613 3589 719 3653 Curtaque
730 3588 836 3637 vidisset
847 3590 929 3636 mater
946 3588 1000 3636 etus
1011 3583 1144 3634 mirabilia
1156 3600 1220 3649 prece
1229 3585 1309 3650 fecit,

111 3668 228 3719 osculatu
239 3675 278 3721 est
289 3671 359 3735 (cod.
373 3674 433 3723 Vnt.
446 3673 607 3724 absoluturus
618 3674 668 3736 eet)
681 3691 735 3723 essm
747 3678 772 3724 et
783 3674 850 3723 amit
863 3678 915 3723 etr.

180 3754 210 3806 Χ.
235 3755 275 3806 Cf.
294 3770 387 3823 evang.
406 3759 499 3809 Thom.
517 3759 617 3811 Graece
634 3759 658 3808 A
676 3759 736 3810 llll.
770 3759 837 3809 item
857 3758 900 3808 Ps.
919 3757 1018 3807 Matth.
1038 3755 1154 3806 XXXIV.
1189 3756 1308 3807 blandem

111 3837 250 3891 historiam
263 3857 281 3892 υ
295 3843 378 3894 codex
391 3846 480 3910 capito
494 3844 609 3894 xxxvl.
626 3846 749 3905 exhibet,
768 3844 840 3909 qued
857 3842 1027 3894 inscribitur:
1051 3842 1093 3891 De
1112 3841 1199 3891 tritico
1216 3859 1233 3890 a
1250 3841 1310 3891 Iera

109 3923 287 3990 multiplicato.
313 3928 399 3979 Verbo
412 3930 450 3979 sic
464 3930 580 3981 hubent:

179 4012 202 4060 1.
221 4012 318 4063 Iterum
327 4016 436 4079 quedam
445 4017 486 4065 dic
499 4017 764 4082 cumsactsemsrsr'sret
776 4021 871 4077 sempor
881 4013 1031 4071 seminandi,
1044 4028 1158 4076 egressus
1169 4018 1207 4064 eet
1216 4013 1308 4078 Ioseph

109 4094 145 4143 ad
161 4097 332 4147 seminandum
348 4101 461 4150 triticam
479 4102 505 4150 in
523 4118 601 4166 cyre,
620 4106 806 4153 obsecutorem
821 4099 967 4150 esmIesur.
991 4098 1060 4148 Dran
1078 4103 1161 4147 cutem
1173 4099 1310 4149 seminaret

111 4180 215 4246 loseph,
233 4188 282 4233 set.
295 4185 345 4234 Ies.
357 4202 456 4236 menum
474 4192 499 4236 et
516 4188 577 4237 tulit
589 4189 702 4238 triticeum
714 4191 834 4253 quantum
842 4187 927 4248 potuit
935 4183 1038 4249 pupillo
1051 4183 1133 4246 (hene
1147 4183 1307 4248 scripturum

111 4267 237 4319 etiamad
251 4270 338 4321 Vatic.
352 4272 448 4323 librum
462 4274 659 4334 transtulimus,
672 4275 718 4324 ubi
731 4280 774 4326 est
782 4271 893 4340 perillo)
904 4277 989 4323 term
1001 4276 1026 4322 st
1037 4270 1168 4336 dispersit.

177 4356 202 4406 2.
224 4355 300 4409 Venit
311 4374 371 4423 erpo
384 4385 393 4398 ·
406 4362 513 4411 metendi
522 4365 547 4411 et
557 4363 629 4414 Iesus
638 4379 691 4413 cum
700 4379 729 4413 eo
741 4367 766 4413 et
775 4360 879 4427 colleps't
887 4360 973 4427 spicas
982 4375 1046 4425 quas
1053 4357 1220 4424 disperserat,
1234 4356 1308 4423 quari

110 4447 205 4494 mem
216 4447 319 4497 modica.
343 4447 382 4498 Er
394 4449 503 4515 repebat
510 4467 639 4517 pauperes
655 4455 680 4501 et
699 4451 788 4501 uiduae
804 4454 829 4501 et
845 4450 917 4515 orph.
930 4444 1003 4498 Iesus
1019 4451 1048 4496 st
1060 4445 1181 4496 tollerent
1193 4445 1307 4495 triticam

111 4529 191 4596 speum
202 4536 389 4601 quemfeceral.
417 4536 486 4588 Tulit
504 4555 564 4604 erpo
582 4544 608 4589 et
620 4539 712 4605 Ioeeple
723 4539 831 4589 modicas
844 4536 927 4588 tritici
938 4534 1011 4586 illiue
1028 4534 1056 4584 irs
1066 4533 1164 4584 dorsum
1175 4549 1246 4584 suam
1254 4548 1305 4598 pro

109 4615 355 4673 ementiendae.
388 4683 392 4689 .

178 4709 244 4759 uenit
255 4715 294 4760 et.-
311 4716 337 4762 et
349 4727 403 4763 nen
416 4719 458 4763 est
471 4713 499 4764 in
512 4712 605 4765 codice
619 4714 705 4766 Vatic.

178 4792 223 4844 XI.
242 4793 283 4844 Cl.
299 4812 393 4863 evang.
406 4798 499 4848 Thcm.
514 4798 557 4848 Gr.
571 4800 591 4847 Α
605 4798 680 4849 Xlll.
699 4805 728 4850 et
746 4802 768 4848 B
780 4798 826 4848 Xl.
851 4798 920 4848 Item
933 4795 1150 4847 Pseudo-Mettlu
1162 4790 1305 4850 xxxvn„
1343 4872 1349 4890 ι
