3458 5640
310 633 331 678 1,
772 616 1043 668 PROIAEGOMENA.

308 764 367 830 sed
390 766 489 830 etiam
512 786 606 849 syrus
627 765 662 830 in
684 765 778 830 libris
801 786 876 831 mss.
898 765 1112 848 invenitur1);
1134 786 1155 829 a
1170 763 1262 850 Syris
1278 786 1355 832 vero
1378 766 1505 850 pariter

309 881 409 959 atque
432 897 452 941 a
474 875 590 960 Captis
613 882 825 942 monumenta
848 876 952 941 multa
978 877 1173 959 praesertim
1200 877 1380 961 theologici
1407 899 1503 961 argu-

213 992 215 996 ’
308 988 411 1054 menti
442 987 484 1054 ad
514 988 643 1054 litteras
674 975 824 1054 Arabum
856 985 1120 1054 Christianorum
1150 990 1372 1056 transierunt:
1405 1010 1504 1073 quam

307 1121 377 1168 rem
399 1100 581 1168 luculenter
603 1107 747 1189 testatur
769 1101 894 1167 arabici
916 1100 1093 1170 bibliorum
1115 1106 1224 1168 textus
1245 1102 1394 1170 historia.
1437 1102 1502 1172 Sed

308 1215 351 1282 ab
372 1214 435 1281 hac
456 1215 643 1301 suspicione
665 1215 708 1281 ad
729 1219 858 1281 tantam
876 1214 1151 1299 progrediendum
1170 1222 1221 1283 est
1234 1217 1504 1300 probabilitatem

308 1333 346 1392 ut
368 1348 407 1393 ea
422 1327 462 1394 de
483 1348 520 1393 re
542 1349 608 1393 non
624 1327 777 1393 dubitare
795 1327 903 1393 liceat.
947 1326 1067 1393 Insunt
1089 1330 1176 1395 enim
1198 1330 1233 1394 in
1255 1331 1386 1396 arabico
1409 1336 1503 1396 textu

307 1461 392 1522 quae
419 1439 540 1505 debent
567 1460 584 1504 e
613 1440 741 1521 syriaco
776 1438 927 1505 derivari.
979 1440 1153 1505 Eiusmodi
1189 1445 1240 1504 est
1271 1441 1360 1523 quod
1395 1463 1501 1506 annus

307 1550 452 1633 epochae
475 1549 680 1618 Graecorum
703 1551 779 1632 309,
810 1569 876 1632 quo
899 1549 1051 1615 Christus
1078 1557 1177 1615 natus
1205 1571 1276 1616 esse
1304 1551 1425 1615 dicitur
1453 1571 1505 1616 ca-

307 1661 376 1744 pite
392 1659 450 1742 11„
473 1681 547 1724 cum
568 1660 732 1725 communi
754 1657 914 1742 Syrorum
936 1659 976 1725 de
999 1681 1039 1725 ea
1060 1682 1097 1726 re
1120 1663 1285 1727 sententia
1307 1663 1460 1727 convenit
1468 1662 1504 1744 ¹),

308 1792 393 1855 quae
424 1772 523 1837 etiam
555 1770 642 1855 apud
663 1770 919 1854 Abuliaragium
949 1771 1223 1855 (Barlrebraeum)
1257 1772 1504 1839 celeberrimum

306 1881 533 1949 Iecobitorum
556 1884 745 1967 episcopum
773 1903 856 1949 saec.
876 1882 983 1948 XIII.
1005 1883 1127 1967 legitur
1137 1885 1171 1970 ³).
1215 1882 1322 1949 Porro
1346 1886 1454 1966 capite
1476 1886 1503 1949 Ι.

270 2022 276 2031 ’
307 1995 469 2078 Iosephus
496 1995 674 2061 historicus
702 2017 774 2061 cum
802 1995 951 2078 Oaiapha
977 1995 1132 2078 pontifice
1161 1996 1387 2078 confunditur,
1415 1996 1502 2078 quod

307 2126 422 2170 rursus
448 2105 615 2189 peculiare
643 2112 693 2170 est
721 2104 827 2189 Syris,
861 2106 1135 2189 quemadmodum
1163 2107 1264 2170 etiam
1292 2107 1326 2170 in
1355 2106 1503 2188 Georgia

307 2212 483 2282 Mosulano
516 2223 550 2282 et
581 2214 757 2282 Salomone
772 2215 982 2297 xBassorensi
1013 2216 1222 2282 observatum
1253 2223 1304 2283 est
1335 2217 1376 2282 ab
1404 2218 1504 2281 Asse·

306 2348 404 2394 mano
415 2329 452 2411 ⁴).
501 2328 650 2394 Tertium
682 2328 848 2411 estquod
879 2348 919 2394 ea
945 2349 1009 2394 vox
1036 2348 1102 2412 qua
1131 2329 1255 2411 passim
1276 2327 1388 2393 Maria
1419 2327 1504 2393 salu-

306 2445 411 2523 tatur,
442 2445 481 2504 ut
505 2439 598 2523 Syris
627 2445 677 2505 est
703 2440 852 2524 propria,
884 2441 932 2506 ita
954 2440 1122 2505 Arabibus
1151 2439 1233 2505 alias
1262 2441 1378 2524 ignota
1406 2441 1503 2523 estl).

306 2550 460 2636 Denique
483 2558 744 2635 consentaneum¹
762 2557 820 2637 est,
846 2573 911 2635 quo
934 2558 1128 2637 argumento
1149 2552 1201 2617 La
1223 2551 1327 2619 (irone
1350 2573 1430 2617 usus
1453 2555 1504 2618 est

306 2665 349 2730 ad
379 2665 586 2748 probandum
616 2664 784 2748 ingenium
815 2664 890 2729 libri
920 2666 1027 2730 nostri
1056 2662 1310 2746 hiostoricum,
1340 2663 1427 2729 idem
1459 2662 1501 2728 ad

308 2775 564 2844 confirmandam
592 2798 701 2861 syram
728 2777 888 2860 originem
909 2775 1073 2842 adhibere.
1118 2774 1314 2843 Obseruauit
1336 2777 1423 2841 enim
1445 2775 1501 2840 iile

309 2889 547 2974 appellationes
571 2887 589 2953 ὂ
612 2888 792 2953 tenuiores
814 2888 967 2974 Χριστόσ
992 2894 1025 2955 et
1050 2888 1068 2953 ὂ
1091 2890 1201 2974 κύριοσ
1216 2883 1352 2953 *isacio
1374 2889 1407 2953 in
1430 2909 1503 2954 ara·

308 3001 382 3068 bico
412 2995 581 3086 ¹evangelio
607 3001 767 3069 infantiae
795 3023 834 3068 ex
862 3003 1029 3068 constanti
1055 2977 1332 3069 Nestorianomm
1364 3023 1425 3066 usu
1456 3001 1503 3067 di·

311 3115 436 3199 stingui
446 3115 482 3198 ⁸).

397 3225 491 3310 Quae
515 3227 645 3311 quidem
673 3247 769 3311 syrae
797 3227 935 3310 originis
962 3231 1157 3310 argumenta
1185 3249 1224 3293 ex
1248 3227 1320 3310 ipso
1343 3226 1428 3291 libro
1452 3226 1504 3291 de·

311 3344 420 3405 sumta
447 3342 533 3404 sunt.
577 3337 712 3422 Quanta
733 3358 820 3404 vero
833 3338 896 3404 hoc
918 3338 1122 3422 evangelium
1145 3338 1231 3421 apud
1256 3336 1358 3422 Syros
1383 3358 1504 3421 eosque

375 3589 379 3596 '
400 3583 421 3648 1)
441 3584 481 3636 Oi.
499 3588 636 3635 Arteman.
651 3584 716 3634 bibl.
729 3585 825 3635 orient.
838 3585 859 3633 1.
878 3601 904 3648 p.
916 3587 976 3633 585.
995 3586 1041 3633 ubi
1057 3587 1220 3634 Baroaonsas
1240 3585 1345 3634 codices
1365 3600 1504 3634 ascensen-

312 3677 370 3732 tur,
398 3673 426 3723 in
445 3687 555 3734 qnorum
578 3672 661 3736 primo
684 3671 784 3736 legitur
806 3671 973 3736 evangelium
991 3670 1024 3721 de
1047 3672 1165 3721 infantia
1184 3669 1285 3720 Christi
1310 3677 1339 3720 ct
1357 3672 1458 3736 syriace
1477 3677 1506 3721 et

312 3756 431 3815 arabice,
455 3760 569 3820 utroque
592 3760 668 3806 textu
689 3755 790 3806 litteris
809 3763 917 3806 exarato
936 3756 1054 3821 syriteis.
1090 3755 1214 3805 Eiusdem
1233 3756 1334 3806 codicis
1353 3757 1455 3805 marutia
1475 3757 1505 3804 iit

312 3848 378 3894 tom.
398 3840 449 3892 111.
470 3844 540 3905 part.
559 3839 582 3891 Ι.
603 3829 662 3906 pag.
680 3842 738 3892 282.
757 3839 880 3890 inlibris
899 3856 1008 3906 quorum
1027 3841 1121 3907 ignota
1139 3846 1203 3890 sunt
1224 3845 1361 3892 auctorum
1385 3841 1503 3892 nornine.

313 3930 366 3982 Sed
385 3934 482 3981 hentro
501 3930 560 3979 loco
580 3929 662 3979 codex
680 3929 830 3980 accuratius
843 3928 1017 3989 describitur3
1037 3943 1124 3993 nequo
1137 3929 1221 3994 magis
1233 3930 1302 3980 alius
1315 3933 1421 3994 praeter
1433 3930 1505 3980 hunc

314 4015 458 4066 indicatur.
619 4048 622 4056 ·
674 4042 677 4053 ·

398 4099 422 4166 ²)
442 4100 483 4153 (ii.
500 4102 637 4151 Asssmen.
652 4100 716 4150 bibl.
730 4100 826 4151 orient.
839 4100 862 4150 1.
882 4116 907 4165 p.
920 4100 979 4151 887.
991 4100 1049 4150 389.
1068 4099 1105 4152 11.
1120 4116 1144 4164 p·
1159 4101 1217 4150 16³.
1254 4101 1324 4151 Thil.
1339 4098 1402 4151 cod.
1417 4115 1506 4164 apocr.

313 4187 410 4237 xuni.
430 4191 495 4236 uota
507 4187 548 4237 35.

398 4270 420 4333 ³)
440 4271 568 4321 Probsvit
592 4271 723 4320 Henricus
743 4270 805 4319 Silue
829 4285 860 4320 ex
882 4270 941 4319 loco
961 4270 1096 4318 Historiae
1114 4270 1303 4334 Dynsstiarum
1327 4268 1370 4333 (p.
1389 4271 1445 4320 109.
1464 4269 1506 4320 ad.

313 4357 439 4421 Pococh.)
459 4359 542 4408 allato
561 4358 594 4408 sd
613 4372 706 4421 evang.
720 4356 768 4406 inf.
787 4372 844 4421 cap.
857 4357 894 4407 11.
931 4356 999 4405 Vide
1017 4356 1087 4405 'Ibit
1102 4353 1168 4405 Coti.
1182 4371 1271 4418 apocr.
1291 4372 1316 4421 p.
1330 4356 1387 4407 186.

397 4442 422 4508 ⁴)
442 4442 482 4495 Cf.
496 4444 561 4495 bibl.
575 4445 670 4495 orient.
683 4442 731 4493 111.
750 4447 826 4507 parta
839 4442 861 4492 1.
879 4457 941 4507 pag.
955 4441 1006 4492 522
1018 4446 1046 4491 at
1058 4441 1116 4494 317.
1144 4439 1183 4491 Oi.
1197 4442 1266 4492 uuir.
1279 4443 1297 4492 l.
1310 4444 1328 4492 l.
1341 4457 1402 4507 pag.
1413 4441 1506 4492 xxix.

314 4537 379 4582 nats
397 4534 439 4583 21.

398 4617 421 4682 Ι5)
441 4617 481 4672 cf.
499 4619 570 4670 'l'hih
590 4619 608 4670 l.
626 4619 645 4672 l.
665 4634 725 4685 pag.
743 4616 845 4668 XXXV.
864 4621 930 4668 nota
947 4617 988 4667 25.

397 4704 421 4769 θ)
441 4703 481 4756 Cf.
499 4705 576 4757 Febr.
595 4705 659 4758 Cod.
678 4719 768 4770 apocr.
786 4703 836 4756 111.
856 4721 881 4771 p.
899 4706 958 4755 421.
994 4703 1064 4753 Thil.
1083 4704 1101 4753 l.
1120 4704 1138 4754 l.
1156 4719 1181 4768 p.
1195 4702 1313 4753 xxxiv.
