3458 5640
262 590 323 654 120
562 589 609 639 DE
626 590 839 641 nenivinnna
857 587 1002 639 naalon.
1029 586 1101 638 CAP.
1120 588 1150 638 X.

261 745 405 824 peccato
428 739 605 822 concipies
629 744 665 804 et
685 739 800 822 paries
823 737 942 803 filium.
988 735 1085 801 'Hic
1107 737 1174 802 erit
1188 758 1348 822 magnus,
1374 738 1465 822 quia.

263 842 499 909 dominabitur
514 863 534 907 a
550 843 635 907 mari
652 863 762 926 usque
785 841 828 908 ad
845 861 938 907 mare
956 848 992 906 et
1006 862 1027 906 a
1043 839 1183 907 flumine
1200 863 1312 926 usque
1329 840 1372 908 ad
1389 848 1459 909 ter-

261 947 374 1013 minos
397 944 490 1013 orbis
514 952 644 1012 terrae:
667 952 703 1039 et
722 945 815 1013 lilius
838 945 1000 1012 altissimi
1016 944 1212 1029 vocabitur,
1235 947 1317 1030 quia
1336 949 1397 1032 qui
1419 947 1458 1012 in

262 1051 365 1117 terris
382 1056 546 1116 nascetur
561 1049 712 1133 humilis,
734 1049 771 1114 in
788 1050 884 1116 caelo
901 1055 1025 1135 regnat
1042 1049 1214 1116 sublimis:
1237 1057 1273 1116 et
1288 1050 1387 1116 dabit
1402 1050 1460 1117 illi

262 1156 422 1221 dominus
444 1155 529 1222 deus
552 1154 669 1222 sedem
685 1153 799 1221 David
819 1156 930 1238 patris
951 1156 1041 1238 eins,
1064 1160 1099 1220 et
1119 1155 1279 1239 regnabit
1300 1155 1336 1220 in
1353 1154 1457 1221 domo

262 1259 368 1326 Iacob
392 1259 428 1324 in
451 1266 647 1339 aeternum,
672 1263 707 1323 et
725 1257 825 1342 regni
847 1258 921 1322 eius
943 1278 1012 1323 uon
1035 1259 1102 1322 erit
1116 1257 1209 1323 finis:
1232 1259 1307 1340 ipse
1325 1259 1458 1343 quippe

265 1384 324 1428 rex
345 1383 464 1446 regum
489 1369 525 1427 et
545 1361 704 1427 dominus
728 1360 979 1426 dominantium
1002 1365 1068 1442 est,
1094 1366 1130 1425 et
1149 1360 1295 1426 thronus
1318 1362 1394 1425 eius
1420 1362 1458 1426 in

263 1464 419 1527 seculum
437 1463 557 1529 seculi.
603 1465 615 1498 ⁴
632 1462 699 1527 His
717 1462 833 1544 angeli
848 1461 961 1526 verbis
978 1464 1073 1545 virgo
1092 1482 1160 1526 non
1177 1461 1371 1543 incredula,
1394 1463 1459 1526 sed

262 1564 403 1629 modum
425 1565 514 1630 scire
537 1563 657 1629 volens
680 1561 875 1646 respondit:
908 1560 1089 1645 Quomodo
1112 1562 1207 1627 istud
1227 1561 1302 1628 fieri
1318 1560 1466 1646 potest?

261 1665 351 1732 Nam
370 1687 446 1731 cum
467 1666 545 1749 ipsa
559 1666 670 1730 virum
690 1665 787 1729 iuxta
800 1669 915 1730 votum
937 1685 1049 1729 meum
1070 1685 1256 1747 numquam
1273 1684 1459 1749 cognosco,

266 1768 438 1855 quomodo
457 1769 532 1835 sine
548 1767 658 1834 virilis
676 1767 818 1833 seminis
835 1767 1049 1833 incremento
1066 1786 1189 1850 parere
1206 1765 1371 1851 possum?
1399 1764 1459 1832 Ad

264 1874 329 1941 hoc
345 1873 506 1960 angelus:
529 1871 583 1939 Ne
602 1872 788 1955 existimes,
805 1871 930 1956 inquit,
947 1870 1071 1954 Maria,
1088 1871 1181 1955 quod
1197 1871 1346 1939 humano
1362 1892 1459 1938 more

265 1979 457 2064 concipias:
482 1998 561 2044 nam
578 1977 653 2043 sine
669 1976 761 2042 virili
782 1976 1022 2043 commixtione
1039 1977 1134 2062 virgo
1153 1978 1340 2062 concipies,
1362 1978 1460 2062 virgo

264 2083 390 2168 paries,
411 2084 506 2166 virgo
523 2081 672 2147 nutries:
695 2081 838 2165 spiritus
856 2080 947 2145 enim
964 2085 1104 2145 sanctus
1123 2083 1345 2164 superveniet
1360 2084 1396 2146 in
1414 2089 1459 2163 te,

266 2192 302 2251 et
315 2185 424 2251 virtus
441 2184 604 2252 altissimi
626 2183 847 2250 obumbrabit
862 2182 927 2249 tibi
945 2168 1066 2249 contra
1082 2204 1200 2250 omnes
1222 2184 1365 2251 ardores
1382 2186 1463 2251 libi-

267 2285 375 2355 dinis:
398 2288 548 2371 ideoque
569 2286 662 2371 quod
679 2293 842 2352 nascetur
858 2306 899 2351 ex
915 2290 949 2352 te
964 2286 1076 2353 solum
1096 2287 1163 2351 erit
1178 2293 1354 2370 sanctum,
1378 2291 1462 2372 quia

265 2392 378 2458 solum
400 2393 474 2457 sine
495 2398 639 2475 peccato
658 2396 863 2473 conceptum
885 2395 920 2455 et
940 2395 1059 2454 natum
1078 2390 1260 2455 vocabitur
1280 2389 1373 2456 filius
1391 2391 1461 2458 dei.

263 2495 363 2560 Tunc
387 2492 501 2560 Maria
526 2494 686 2561 manibus
713 2494 874 2578 expansis
908 2497 943 2559 et
968 2492 1078 2559 oculis
1107 2492 1151 2558 ad
1178 2493 1311 2558 caelum
1335 2493 1469 2562 levatis

265 2598 366 2665 dixit:
389 2597 483 2664 Ecce
501 2597 782 2682 ancilladomini,
799 2618 913 2682 neque
931 2597 1021 2663 enim
1033 2596 1192 2663 dominae
1204 2597 1471 2683 nominedigna,

265 2723 356 2784 sum,
383 2701 443 2768 fiat
463 2701 548 2767 mihi
570 2700 760 2767 secundnm
780 2699 922 2766 verbum
944 2705 1051 2765 tuum.
1097 2701 1109 2735 ¹
1128 2699 1289 2784 Longum
1311 2701 1402 2768 forte
1426 2709 1463 2769 et

265 2804 473 2888 quibusdam
495 2804 689 2870 taediosum
712 2806 791 2884 erit,
814 2805 843 2868 si
862 2809 987 2868 cuncta
1007 2803 1089 2867 huic
1112 2804 1280 2886 opusculo
1304 2805 1461 2870 inserere

264 2907 474 2973 voluerimus
497 2927 585 2990 quae
610 2908 826 2972 nativitatem
849 2904 1056 2971 dominicam
1077 2904 1130 2968 vel
1151 2907 1385 2988 praecessisse
1405 2906 1462 2972 vel

266 3010 454 3078 subsecuta
470 3009 579 3076 luisse
596 3009 757 3094 legimus:
780 3008 872 3074 uude
892 3006 946 3073 his
967 3009 1103 3074 omissis
1121 3028 1208 3091 qnae
1226 3009 1262 3072 in
1280 3007 1461 3091 evangelio

267 3113 407 3198 plenius
435 3113 566 3197 scripta
591 3118 687 3195 sunt,
713 3112 756 3178 ad
783 3133 824 3179 ea
848 3133 936 3196 quae
957 3113 1071 3176 minus
1092 3110 1267 3176 habentur
1288 3109 1464 3178 narranda

267 3216 483 3284 accedamus.

770 3368 889 3436 Cunus
912 3369 960 3435 X.

354 3529 363 3562 ¹
381 3525 510 3609 Ioseph
533 3526 640 3609 igitur
659 3524 827 3590 aIudaea
848 3526 885 3589 in
906 3522 1099 3591 Galilaeam
1115 3526 1256 3590 ueniens
1274 3523 1464 3607 desponsa-

269 3638 338 3695 tam
355 3628 422 3694 sibi
433 3629 600 3712 virginem
617 3648 756 3694 uxorem
769 3627 896 3693 ducere
914 3627 1133 3694 intendebat:
1152 3631 1218 3692 iarn
1230 3648 1377 3710 namque
1389 3633 1462 3693 tres

268 3733 441 3799 fluxerant
455 3752 592 3797 menses
614 3738 649 3798 et
666 3738 809 3816 quartus
830 3731 985 3796 instabat
1007 3753 1048 3796 ex
1070 3753 1110 3798 eo
1133 3738 1288 3815 temporo
1307 3751 1375 3814 quo
1393 3729 1463 3796 sibi

269 3837 480 3921 desponsata
504 3835 628 3902 fuerat.
668 3835 809 3901 Interea
833 3834 1000 3919 paulatim
1026 3840 1125 3901 utero
1152 3854 1343 3919 puerperae
1369 3835 1469 3900 intu-

269 3948 443 4007 mescente
466 3960 671 4022 puerperam
689 3960 725 4004 se
742 3938 965 4003 manifestare
984 3939 1113 4021 coepit,
1138 3959 1250 4022 neque
1267 3937 1334 4002 hoc
1350 3938 1464 4003 latere

337 4155 360 4201 3.
380 4152 439 4215 quic
452 4151 508 4214 qm':
525 4149 583 4198 Par.
597 4164 638 4198 om
653 4150 712 4213 quic
732 4146 736 4213 Ι
757 4148 814 4199 Par.
827 4151 853 4197 a'n
866 4154 938 4198 terro
958 4146 962 4211 Ι
980 4154 1111 4198 noscetur.-
1128 4149 1166 4198 sic
1180 4163 1209 4197 cx
1223 4148 1281 4197 Par.
1296 4149 1379 4196 hausi.
1394 4146 1464 4196 lidd.

267 4240 383 4287 noscitur
396 4232 401 4301 Ι
415 4235 516 4284 David:
533 4235 591 4283 Por.
605 4249 664 4291 orn,
677 4235 741 4283 item
755 4233 864 4282 iadorae
877 4232 953 4280 Iacob
967 4247 1016 4281 om.

336 4324 360 4368 4.
380 4320 461 4369 istud:
478 4318 536 4368 Pac.
549 4332 613 4374 om.,
631 4319 696 4367 itam
709 4332 759 4365 om.
772 4333 858 4374 meam,
872 4322 927 4365 tum
942 4316 1023 4365 habet
1035 4331 1180 4378 cognoscam
1198 4313 1202 4377 Ι
1221 4315 1280 4364 Par.
1294 4315 1331 4362 Ne
1344 4316 1442 4363 estiiuea
1456 4313 1466 4380 Ι

267 4405 340 4467 oirgo
353 4409 416 4453 suta
430 4403 568 4466 concipies.-
586 4401 645 4450 Par.
658 4415 708 4448 orn.

337 4488 361 4537 5.
380 4487 412 4536 Iu
430 4492 555 4551 promptu
573 4489 615 4534 est
633 4485 683 4534 hoc
701 4481 913 4533 additamentum
931 4482 996 4548 tingi
1014 4498 1071 4533 esso
1085 4483 1248 4548 Hieronymi.
1267 4481 1271 4550 Ι
1290 4484 1325 4533 od
1341 4500 1371 4532 eo
1384 4499 1468 4547 puae:-

268 4574 327 4623 Par.
341 4572 400 4623 edd.
414 4573 448 4621 ibi

339 4659 369 4718 X,
390 4662 412 4708 1.
437 4655 535 4707 Ct'.'Pn.
549 4656 647 4706 Matth.
661 4656 691 4705 X.

338 4748 361 4795 l.
380 4744 439 4794 Par.
453 4744 538 4808 Igitur
550 4744 641 4808 loseph
653 4740 659 4809 Ι
674 4743 732 4792 Par·
745 4743 796 4792 tom
808 4756 913 4806 namque
926 4741 1016 4791 tertiae
1027 4742 1118 4791 mensis
1129 4744 1263 4806 φωναί
