<?xml version="1.0" encoding="UTF-8"?>
<!DOCTYPE html PUBLIC "-//W3C//DTD XHTML 1.0 Transitional//EN"
    "http://www.w3.org/TR/xhtml1/DTD/xhtml1-transitional.dtd">
<html xmlns="http://www.w3.org/1999/xhtml" xml:lang="en" lang="en">
 <head>
  <title>
</title>
<meta http-equiv="Content-Type" content="text/html;charset=utf-8" />
  <meta name='ocr-system' content='tesseract 3.04.00' />
  <meta name='ocr-capabilities' content='ocr_page ocr_carea ocr_par ocr_line ocrx_word'/>
</head>
<body>
  <div class='ocr_page' id='page_1' title='image "./evangeliaapocry02tiscgoog_0534.png"; bbox 0 0 3458 5640; ppageno 0'>
   <div class='ocr_carea' id='block_1_1' title="bbox 489 621 1418 683">
    <p class='ocr_par' dir='ltr' id='par_1_1' title="bbox 489 621 1418 683">
     <span class='ocr_line' id='line_1_1' title="bbox 489 621 1418 683; baseline -0.003 -6"><span class='ocrx_word' id='word_1_1' title='bbox 489 625 691 677; x_wconf 70' lang='lat' dir='ltr'>DESCBNSUS</span> <span class='ocrx_word' id='word_1_2' title='bbox 711 624 853 675; x_wconf 82' lang='lat' dir='ltr'>CHRISTI</span> <span class='ocrx_word' id='word_1_3' title='bbox 871 624 916 673; x_wconf 76' lang='lat' dir='ltr'>AD</span> <span class='ocrx_word' id='word_1_4' title='bbox 935 623 1096 675; x_wconf 65' lang='lat' dir='ltr'>mortuos</span> <span class='ocrx_word' id='word_1_5' title='bbox 1123 623 1145 674; x_wconf 92' lang='lat'>1.</span> <span class='ocrx_word' id='word_1_6' title='bbox 1354 621 1418 683; x_wconf 78' lang='grc'>419</span> 
     </span>
    </p>
   </div>
   <div class='ocr_carea' id='block_1_2' title="bbox 223 773 1419 1280">
    <p class='ocr_par' dir='ltr' id='par_1_2' title="bbox 223 773 1419 1280">
     <span class='ocr_line' id='line_1_2' title="bbox 223 773 1418 863; baseline -0.003 -19"><span class='ocrx_word' id='word_1_7' title='bbox 223 799 293 844; x_wconf 87' lang='lat' dir='ltr'>rum</span> <span class='ocrx_word' id='word_1_8' title='bbox 323 777 424 845; x_wconf 84' lang='lat' dir='ltr'>suerit</span> <span class='ocrx_word' id='word_1_9' title='bbox 447 781 667 863; x_wconf 84' lang='lat' dir='ltr'>compertum,</span> <span class='ocrx_word' id='word_1_10' title='bbox 698 773 786 863; x_wconf 81' lang='lat' dir='ltr'>quo&#39;d</span> <span class='ocrx_word' id='word_1_11' title='bbox 809 774 960 841; x_wconf 84' lang='lat' dir='ltr'>Rarinus</span> <span class='ocrx_word' id='word_1_12' title='bbox 983 780 1017 840; x_wconf 88' lang='lat' dir='ltr'>et</span> <span class='ocrx_word' id='word_1_13' title='bbox 1038 774 1181 840; x_wconf 83' lang='lat' dir='ltr'>Leucius</span> <span class='ocrx_word' id='word_1_14' title='bbox 1203 773 1267 840; x_wconf 85' lang='lat' dir='ltr'>vivi</span> <span class='ocrx_word' id='word_1_15' title='bbox 1289 793 1418 859; x_wconf 83' lang='lat' dir='ltr'>perma·</span> 
     </span>
     <span class='ocr_line' id='line_1_3' title="bbox 223 879 1419 967; baseline -0.003 -20"><span class='ocrx_word' id='word_1_16' title='bbox 223 886 323 948; x_wconf 84' lang='lat' dir='ltr'>noant</span> <span class='ocrx_word' id='word_1_17' title='bbox 352 883 386 948; x_wconf 92' lang='lat' dir='ltr'>in</span> <span class='ocrx_word' id='word_1_18' title='bbox 418 904 574 967; x_wconf 84' lang='lat' dir='ltr'>corpore,</span> <span class='ocrx_word' id='word_1_19' title='bbox 610 887 645 949; x_wconf 89' lang='lat' dir='ltr'>et</span> <span class='ocrx_word' id='word_1_20' title='bbox 676 881 703 947; x_wconf 85' lang='lat' dir='ltr'>si</span> <span class='ocrx_word' id='word_1_21' title='bbox 735 903 794 947; x_wconf 87' lang='lat' dir='ltr'>nos</span> <span class='ocrx_word' id='word_1_22' title='bbox 825 903 881 947; x_wconf 85' lang='lat' dir='ltr'>eos</span> <span class='ocrx_word' id='word_1_23' title='bbox 912 881 1015 946; x_wconf 87' lang='lat' dir='ltr'>oeulis</span> <span class='ocrx_word' id='word_1_24' title='bbox 1047 879 1169 947; x_wconf 83' lang='lat' dir='ltr'>nostris</span> <span class='ocrx_word' id='word_1_25' title='bbox 1200 879 1419 965; x_wconf 87' lang='lat' dir='ltr'>contemplari</span> 
     </span>
     <span class='ocr_line' id='line_1_4' title="bbox 223 984 1419 1072; baseline -0.002 -20"><span class='ocrx_word' id='word_1_26' title='bbox 223 987 417 1072; x_wconf 77' lang='lat' dir='ltr'>poterimus,</span> <span class='ocrx_word' id='word_1_27' title='bbox 448 992 529 1052; x_wconf 88' lang='lat' dir='ltr'>tunc</span> <span class='ocrx_word' id='word_1_28' title='bbox 556 1008 616 1072; x_wconf 86' lang='lat' dir='ltr'>per</span> <span class='ocrx_word' id='word_1_29' title='bbox 644 986 755 1053; x_wconf 88' lang='lat' dir='ltr'>omnia</span> <span class='ocrx_word' id='word_1_30' title='bbox 776 1007 890 1051; x_wconf 87' lang='lat' dir='ltr'>verum</span> <span class='ocrx_word' id='word_1_31' title='bbox 918 991 970 1050; x_wconf 85' lang='lat' dir='ltr'>est</span> <span class='ocrx_word' id='word_1_32' title='bbox 992 984 1079 1070; x_wconf 91' lang='lat' dir='ltr'>quod</span> <span class='ocrx_word' id='word_1_33' title='bbox 1101 986 1156 1051; x_wconf 89' lang='lat' dir='ltr'>isti</span> <span class='ocrx_word' id='word_1_34' title='bbox 1179 985 1419 1051; x_wconf 89' lang='lat' dir='ltr'>testificantur:</span> 
     </span>
     <span class='ocr_line' id='line_1_5' title="bbox 223 1088 1419 1173; baseline -0.003 -19"><span class='ocrx_word' id='word_1_35' title='bbox 223 1090 427 1156; x_wconf 86' lang='lat' dir='ltr'>invenientes</span> <span class='ocrx_word' id='word_1_36' title='bbox 443 1112 530 1173; x_wconf 82' lang='lat' dir='ltr'>vero,</span> <span class='ocrx_word' id='word_1_37' title='bbox 551 1089 601 1155; x_wconf 89' lang='lat' dir='ltr'>illi</span> <span class='ocrx_word' id='word_1_38' title='bbox 616 1111 676 1155; x_wconf 90' lang='lat' dir='ltr'>nos</span> <span class='ocrx_word' id='word_1_39' title='bbox 692 1093 800 1155; x_wconf 87' lang='lat' dir='ltr'>certos</span> <span class='ocrx_word' id='word_1_40' title='bbox 815 1088 855 1154; x_wconf 92' lang='lat' dir='ltr'>de</span> <span class='ocrx_word' id='word_1_41' title='bbox 877 1088 1031 1154; x_wconf 90' lang='lat' dir='ltr'>omnibus</span> <span class='ocrx_word' id='word_1_42' title='bbox 1051 1088 1180 1154; x_wconf 84' lang='lat' dir='ltr'>sacient</span> <span class='ocrx_word' id='word_1_43' title='bbox 1225 1088 1285 1154; x_wconf 84' lang='lat' dir='ltr'>Sin</span> <span class='ocrx_word' id='word_1_44' title='bbox 1308 1093 1419 1154; x_wconf 87' lang='lat' dir='ltr'>autem</span> 
     </span>
     <span class='ocr_line' id='line_1_6' title="bbox 224 1195 1008 1280; baseline 0 -21"><span class='ocrx_word' id='word_1_45' title='bbox 224 1197 366 1279; x_wconf 85' lang='lat' dir='ltr'>minime,</span> <span class='ocrx_word' id='word_1_46' title='bbox 388 1197 502 1262; x_wconf 87' lang='lat' dir='ltr'>sciatis</span> <span class='ocrx_word' id='word_1_47' title='bbox 526 1196 605 1280; x_wconf 92' lang='lat' dir='ltr'>quia</span> <span class='ocrx_word' id='word_1_48' title='bbox 627 1197 738 1261; x_wconf 88' lang='lat' dir='ltr'>omnia</span> <span class='ocrx_word' id='word_1_49' title='bbox 758 1195 900 1260; x_wconf 88' lang='lat' dir='ltr'>mentita</span> <span class='ocrx_word' id='word_1_50' title='bbox 922 1200 1008 1259; x_wconf 86' lang='lat' dir='ltr'>sunt.</span> 
     </span>
    </p>
   </div>
   <div class='ocr_carea' id='block_1_3' title="bbox 224 1321 1461 2343">
    <p class='ocr_par' dir='ltr' id='par_1_3' title="bbox 224 1321 1461 2343">
     <span class='ocr_line' id='line_1_7' title="bbox 308 1321 1420 1407; baseline -0.004 -16"><span class='ocrx_word' id='word_1_51' title='bbox 308 1327 431 1391; x_wconf 77' lang='lat' dir='ltr'>⁴&#39;l&#39;unc</span> <span class='ocrx_word' id='word_1_52' title='bbox 459 1325 568 1389; x_wconf 85' lang='lat' dir='ltr'>subito</span> <span class='ocrx_word' id='word_1_53' title='bbox 597 1331 670 1389; x_wconf 86' lang='lat' dir='ltr'>orto</span> <span class='ocrx_word' id='word_1_54' title='bbox 699 1324 836 1388; x_wconf 85' lang='lat' dir='ltr'>consilio</span> <span class='ocrx_word' id='word_1_55' title='bbox 864 1323 991 1407; x_wconf 81' lang='lat' dir='ltr'>plomrit</span> <span class='ocrx_word' id='word_1_56' title='bbox 1019 1324 1065 1387; x_wconf 87' lang='lat' dir='ltr'>cis</span> <span class='ocrx_word' id='word_1_57' title='bbox 1093 1324 1215 1404; x_wconf 84' lang='lat' dir='ltr'>eligere</span> <span class='ocrx_word' id='word_1_58' title='bbox 1237 1323 1324 1387; x_wconf 86' lang='lat' dir='ltr'>viros</span> <span class='ocrx_word' id='word_1_59' title='bbox 1353 1321 1420 1386; x_wconf 91' lang='lat' dir='ltr'>ido·</span> 
     </span>
     <span class='ocr_line' id='line_1_8' title="bbox 224 1425 1422 1514; baseline -0.004 -20"><span class='ocrx_word' id='word_1_60' title='bbox 224 1450 302 1494; x_wconf 88' lang='lat' dir='ltr'>neos</span> <span class='ocrx_word' id='word_1_61' title='bbox 325 1427 423 1493; x_wconf 88' lang='lat' dir='ltr'>doum</span> <span class='ocrx_word' id='word_1_62' title='bbox 445 1427 607 1511; x_wconf 77' lang='lat' dir='ltr'>timentes,</span> <span class='ocrx_word' id='word_1_63' title='bbox 630 1428 744 1510; x_wconf 88' lang='lat' dir='ltr'>etqui</span> <span class='ocrx_word' id='word_1_64' title='bbox 767 1432 928 1491; x_wconf 87' lang='lat' dir='ltr'>noverant</span> <span class='ocrx_word' id='word_1_65' title='bbox 949 1427 1080 1514; x_wconf 88' lang='lat' dir='ltr'>quando</span> <span class='ocrx_word' id='word_1_66' title='bbox 1102 1426 1150 1490; x_wconf 91' lang='lat' dir='ltr'>illi</span> <span class='ocrx_word' id='word_1_67' title='bbox 1174 1425 1321 1491; x_wconf 79' lang='lat' dir='ltr'>defuncti</span> <span class='ocrx_word' id='word_1_68' title='bbox 1344 1430 1422 1489; x_wconf 92' lang='lat' dir='ltr'>sunt</span> 
     </span>
     <span class='ocr_line' id='line_1_9' title="bbox 225 1531 1422 1618; baseline -0.003 -19"><span class='ocrx_word' id='word_1_69' title='bbox 225 1540 258 1599; x_wconf 85' lang='lat' dir='ltr'>ct</span> <span class='ocrx_word' id='word_1_70' title='bbox 290 1532 494 1618; x_wconf 78' lang='lat' dir='ltr'><strong>sepulturam</strong></span> <span class='ocrx_word' id='word_1_71' title='bbox 525 1531 583 1598; x_wconf 94' lang='lat' dir='ltr'>ubi</span> <span class='ocrx_word' id='word_1_72' title='bbox 614 1532 736 1616; x_wconf 76' lang='lat' dir='ltr'><strong>sepulti</strong></span> <span class='ocrx_word' id='word_1_73' title='bbox 768 1535 857 1615; x_wconf 88' lang='lat' dir='ltr'>sunt,</span> <span class='ocrx_word' id='word_1_74' title='bbox 889 1537 927 1597; x_wconf 85' lang='lat' dir='ltr'>ut</span> <span class='ocrx_word' id='word_1_75' title='bbox 953 1531 1130 1617; x_wconf 76' lang='lat' dir='ltr'>diligenter</span> <span class='ocrx_word' id='word_1_76' title='bbox 1156 1531 1363 1616; x_wconf 87' lang='lat' dir='ltr'>inquirerent</span> <span class='ocrx_word' id='word_1_77' title='bbox 1389 1534 1422 1595; x_wconf 87' lang='lat' dir='ltr'>et</span> 
     </span>
     <span class='ocr_line' id='line_1_10' title="bbox 225 1635 1422 1719; baseline -0.002 -19"><span class='ocrx_word' id='word_1_78' title='bbox 225 1636 377 1703; x_wconf 89' lang='lat' dir='ltr'>viderent</span> <span class='ocrx_word' id='word_1_79' title='bbox 399 1637 427 1702; x_wconf 89' lang='lat' dir='ltr'>si</span> <span class='ocrx_word' id='word_1_80' title='bbox 450 1636 499 1702; x_wconf 85' lang='lat' dir='ltr'>ita</span> <span class='ocrx_word' id='word_1_81' title='bbox 520 1642 572 1702; x_wconf 88' lang='lat' dir='ltr'>est</span> <span class='ocrx_word' id='word_1_82' title='bbox 594 1635 681 1701; x_wconf 87' lang='lat' dir='ltr'>sicut</span> <span class='ocrx_word' id='word_1_83' title='bbox 702 1635 885 1702; x_wconf 86' lang='lat' dir='ltr'>audierant.</span> <span class='ocrx_word' id='word_1_84' title='bbox 930 1636 1155 1702; x_wconf 88' lang='lat' dir='ltr'>Perrexerunt</span> <span class='ocrx_word' id='word_1_85' title='bbox 1174 1636 1287 1719; x_wconf 90' lang='lat' dir='ltr'>itaque</span> <span class='ocrx_word' id='word_1_86' title='bbox 1302 1635 1422 1699; x_wconf 88' lang='lat' dir='ltr'>ibidem</span> 
     </span>
     <span class='ocr_line' id='line_1_11' title="bbox 225 1741 1424 1827; baseline -0.001 -20"><span class='ocrx_word' id='word_1_87' title='bbox 225 1743 289 1808; x_wconf 81' lang='lat' dir='ltr'>viri</span> <span class='ocrx_word' id='word_1_88' title='bbox 317 1763 452 1808; x_wconf 89' lang='lat' dir='ltr'>numero</span> <span class='ocrx_word' id='word_1_89' title='bbox 479 1741 679 1827; x_wconf 86' lang='lat' dir='ltr'>quindecim,</span> <span class='ocrx_word' id='word_1_90' title='bbox 710 1742 766 1826; x_wconf 92' lang='lat' dir='ltr'>qui</span> <span class='ocrx_word' id='word_1_91' title='bbox 793 1764 853 1825; x_wconf 91' lang='lat' dir='ltr'>por</span> <span class='ocrx_word' id='word_1_92' title='bbox 881 1742 992 1806; x_wconf 89' lang='lat' dir='ltr'>omnia</span> <span class='ocrx_word' id='word_1_93' title='bbox 1021 1742 1056 1807; x_wconf 90' lang='lat' dir='ltr'>in</span> <span class='ocrx_word' id='word_1_94' title='bbox 1083 1741 1280 1807; x_wconf 80' lang='lat' dir='ltr'>dormitione</span> <span class='ocrx_word' id='word_1_95' title='bbox 1311 1761 1424 1806; x_wconf 86' lang='lat' dir='ltr'>eorum</span> 
     </span>
     <span class='ocr_line' id='line_1_12' title="bbox 227 1837 1461 1929; baseline -0.002 -19"><span class='ocrx_word' id='word_1_96' title='bbox 227 1847 365 1912; x_wconf 90' lang='lat' dir='ltr'>aderant</span> <span class='ocrx_word' id='word_1_97' title='bbox 396 1851 430 1912; x_wconf 87' lang='lat' dir='ltr'>et</span> <span class='ocrx_word' id='word_1_98' title='bbox 459 1845 599 1929; x_wconf 91' lang='lat' dir='ltr'>pedibus</span> <span class='ocrx_word' id='word_1_99' title='bbox 631 1845 698 1911; x_wconf 88' lang='lat' dir='ltr'>suis</span> <span class='ocrx_word' id='word_1_100' title='bbox 731 1850 894 1911; x_wconf 83' lang='lat' dir='ltr'>steterant</span> <span class='ocrx_word' id='word_1_101' title='bbox 921 1837 977 1909; x_wconf 92' lang='lat' dir='ltr'>ubi</span> <span class='ocrx_word' id='word_1_102' title='bbox 1006 1846 1126 1929; x_wconf 79' lang='lat' dir='ltr'>sepulti</span> <span class='ocrx_word' id='word_1_103' title='bbox 1154 1850 1232 1910; x_wconf 90' lang='lat' dir='ltr'>sunt</span> <span class='ocrx_word' id='word_1_104' title='bbox 1258 1849 1292 1910; x_wconf 86' lang='lat' dir='ltr'>et</span> <span class='ocrx_word' id='word_1_105' title='bbox 1313 1864 1425 1908; x_wconf 89' lang='lat' dir='ltr'>mouu·</span> <span class='ocrx_word' id='word_1_106' title='bbox 1459 1918 1461 1924; x_wconf 29' lang='grc' dir='ltr'>Ι</span> 
     </span>
     <span class='ocr_line' id='line_1_13' title="bbox 227 1946 1425 2031; baseline -0.001 -20"><span class='ocrx_word' id='word_1_107' title='bbox 227 1953 340 2013; x_wconf 87' lang='lat' dir='ltr'>menta</span> <span class='ocrx_word' id='word_1_108' title='bbox 375 1969 491 2013; x_wconf 86' lang='lat' dir='ltr'>eorum</span> <span class='ocrx_word' id='word_1_109' title='bbox 525 1947 782 2031; x_wconf 85' lang='lat' dir='ltr'>perspicuerant.</span> <span class='ocrx_word' id='word_1_110' title='bbox 836 1947 901 2031; x_wconf 81' lang='lat' dir='ltr'>Qui</span> <span class='ocrx_word' id='word_1_111' title='bbox 933 1946 1102 2012; x_wconf 84' lang='lat' dir='ltr'>venientes</span> <span class='ocrx_word' id='word_1_112' title='bbox 1133 1948 1329 2012; x_wconf 85' lang='lat' dir='ltr'>invenerunt</span> <span class='ocrx_word' id='word_1_113' title='bbox 1359 1968 1425 2011; x_wconf 88' lang='lat' dir='ltr'>mo·</span> 
     </span>
     <span class='ocr_line' id='line_1_14' title="bbox 228 2042 1425 2134; baseline -0.003 -19"><span class='ocrx_word' id='word_1_114' title='bbox 228 2042 386 2116; x_wconf 79' lang='lat' dir='ltr'>uu&#39;menta</span> <span class='ocrx_word' id='word_1_115' title='bbox 409 2072 522 2116; x_wconf 82' lang='lat' dir='ltr'>corum</span> <span class='ocrx_word' id='word_1_116' title='bbox 544 2054 664 2134; x_wconf 85' lang='lat' dir='ltr'>aperta</span> <span class='ocrx_word' id='word_1_117' title='bbox 687 2054 721 2115; x_wconf 91' lang='lat' dir='ltr'>et</span> <span class='ocrx_word' id='word_1_118' title='bbox 742 2049 808 2115; x_wconf 85' lang='lat' dir='ltr'>alia</span> <span class='ocrx_word' id='word_1_119' title='bbox 831 2071 931 2133; x_wconf 88' lang='lat' dir='ltr'>quam</span> <span class='ocrx_word' id='word_1_120' title='bbox 960 2049 1117 2132; x_wconf 84' lang='lat' dir='ltr'>plurima,</span> <span class='ocrx_word' id='word_1_121' title='bbox 1148 2054 1182 2114; x_wconf 88' lang='lat' dir='ltr'>et</span> <span class='ocrx_word' id='word_1_122' title='bbox 1208 2071 1269 2115; x_wconf 89' lang='lat' dir='ltr'>nec</span> <span class='ocrx_word' id='word_1_123' title='bbox 1296 2049 1425 2133; x_wconf 79' lang='lat' dir='ltr'>signum</span> 
     </span>
     <span class='ocr_line' id='line_1_15' title="bbox 229 2151 1427 2239; baseline -0.003 -20"><span class='ocrx_word' id='word_1_124' title='bbox 229 2175 268 2219; x_wconf 88' lang='lat' dir='ltr'>ex</span> <span class='ocrx_word' id='word_1_125' title='bbox 300 2154 429 2220; x_wconf 88' lang='lat' dir='ltr'>ossibus</span> <span class='ocrx_word' id='word_1_126' title='bbox 460 2159 519 2220; x_wconf 90' lang='lat' dir='ltr'>aut</span> <span class='ocrx_word' id='word_1_127' title='bbox 550 2178 590 2221; x_wconf 85' lang='lat' dir='ltr'>ex</span> <span class='ocrx_word' id='word_1_128' title='bbox 620 2155 755 2239; x_wconf 89' lang='lat' dir='ltr'>pulvere</span> <span class='ocrx_word' id='word_1_129' title='bbox 787 2176 899 2218; x_wconf 91' lang='lat' dir='ltr'>corum</span> <span class='ocrx_word' id='word_1_130' title='bbox 931 2154 1137 2219; x_wconf 84' lang='lat' dir='ltr'>invenerunt.</span> <span class='ocrx_word' id='word_1_131' title='bbox 1181 2153 1228 2219; x_wconf 79' lang='lat' dir='ltr'>ut</span> <span class='ocrx_word' id='word_1_132' title='bbox 1255 2152 1315 2217; x_wconf 90' lang='lat' dir='ltr'>sub</span> <span class='ocrx_word' id='word_1_133' title='bbox 1338 2151 1427 2218; x_wconf 91' lang='lat' dir='ltr'>omni</span> 
     </span>
     <span class='ocr_line' id='line_1_16' title="bbox 228 2259 1171 2343; baseline 0.001 -18"><span class='ocrx_word' id='word_1_134' title='bbox 228 2261 439 2328; x_wconf 80' lang='lat' dir='ltr'>festinatione</span> <span class='ocrx_word' id='word_1_135' title='bbox 461 2267 668 2328; x_wconf 81' lang='lat' dir='ltr'>revertentes</span> <span class='ocrx_word' id='word_1_136' title='bbox 692 2260 879 2327; x_wconf 88' lang='lat' dir='ltr'>retulerunt</span> <span class='ocrx_word' id='word_1_137' title='bbox 900 2281 986 2343; x_wconf 87' lang='lat' dir='ltr'>quac</span> <span class='ocrx_word' id='word_1_138' title='bbox 1009 2259 1171 2326; x_wconf 82' lang='lat' dir='ltr'>videraut.</span> 
     </span>
    </p>
   </div>
   <div class='ocr_carea' id='block_1_4' title="bbox 229 2390 1430 2583">
    <p class='ocr_par' dir='ltr' id='par_1_4' title="bbox 229 2390 1430 2583">
     <span class='ocr_line' id='line_1_17' title="bbox 315 2390 1429 2476; baseline -0.004 -16"><span class='ocrx_word' id='word_1_139' title='bbox 315 2393 437 2460; x_wconf 82' lang='lat' dir='ltr'>⁶Tunc</span> <span class='ocrx_word' id='word_1_140' title='bbox 474 2415 622 2460; x_wconf 86' lang='lat' dir='ltr'>moerore</span> <span class='ocrx_word' id='word_1_141' title='bbox 659 2394 760 2458; x_wconf 92' lang='lat' dir='ltr'>nimio</span> <span class='ocrx_word' id='word_1_142' title='bbox 798 2392 998 2458; x_wconf 81' lang='lat' dir='ltr'>conturbato</span> <span class='ocrx_word' id='word_1_143' title='bbox 1036 2396 1087 2457; x_wconf 89' lang='lat' dir='ltr'>est</span> <span class='ocrx_word' id='word_1_144' title='bbox 1122 2390 1228 2455; x_wconf 88' lang='lat' dir='ltr'>omnis</span> <span class='ocrx_word' id='word_1_145' title='bbox 1261 2410 1429 2476; x_wconf 84' lang='lat' dir='ltr'>synagoga</span> 
     </span>
     <span class='ocr_line' id='line_1_18' title="bbox 229 2494 1430 2583; baseline -0.004 -20"><span class='ocrx_word' id='word_1_146' title='bbox 229 2519 356 2582; x_wconf 86' lang='lat' dir='ltr'>eorum,</span> <span class='ocrx_word' id='word_1_147' title='bbox 388 2503 421 2564; x_wconf 86' lang='lat' dir='ltr'>et</span> <span class='ocrx_word' id='word_1_148' title='bbox 448 2497 604 2564; x_wconf 88' lang='lat' dir='ltr'>dixerunt</span> <span class='ocrx_word' id='word_1_149' title='bbox 631 2497 673 2563; x_wconf 91' lang='lat' dir='ltr'>ad</span> <span class='ocrx_word' id='word_1_150' title='bbox 704 2497 861 2563; x_wconf 80' lang='lat' dir='ltr'>invicem:</span> <span class='ocrx_word' id='word_1_151' title='bbox 899 2494 987 2583; x_wconf 78' lang='lat' dir='ltr'>Quid</span> <span class='ocrx_word' id='word_1_152' title='bbox 1018 2494 1202 2562; x_wconf 75' lang='lat' dir='ltr'>faciemus?</span> <span class='ocrx_word' id='word_1_153' title='bbox 1247 2494 1364 2560; x_wconf 86' lang='lat' dir='ltr'>Annas</span> <span class='ocrx_word' id='word_1_154' title='bbox 1396 2497 1430 2559; x_wconf 91' lang='lat' dir='ltr'>et</span> 
     </span>
    </p>
   </div>
   <div class='ocr_carea' id='block_1_5' title="bbox 229 2601 1433 2892">
    <p class='ocr_par' dir='ltr' id='par_1_5' title="bbox 229 2601 1433 2892">
     <span class='ocr_line' id='line_1_19' title="bbox 230 2601 1428 2689; baseline -0.003 -19"><span class='ocrx_word' id='word_1_155' title='bbox 230 2604 373 2687; x_wconf 78' lang='lat' dir='ltr'>Caiphae</span> <span class='ocrx_word' id='word_1_156' title='bbox 396 2604 567 2671; x_wconf 85' lang='lat' dir='ltr'>dixerunt:</span> <span class='ocrx_word' id='word_1_157' title='bbox 599 2604 795 2689; x_wconf 84' lang='lat' dir='ltr'>Dirigamus</span> <span class='ocrx_word' id='word_1_158' title='bbox 823 2602 881 2668; x_wconf 93' lang='lat' dir='ltr'>ubi</span> <span class='ocrx_word' id='word_1_159' title='bbox 910 2601 1092 2668; x_wconf 87' lang='lat' dir='ltr'>audivimus</span> <span class='ocrx_word' id='word_1_160' title='bbox 1120 2623 1176 2667; x_wconf 83' lang='lat' dir='ltr'>cos</span> <span class='ocrx_word' id='word_1_161' title='bbox 1198 2622 1285 2683; x_wconf 88' lang='lat' dir='ltr'>esse,</span> <span class='ocrx_word' id='word_1_162' title='bbox 1317 2602 1428 2666; x_wconf 86' lang='lat' dir='ltr'>mitta·</span> 
     </span>
     <span class='ocr_line' id='line_1_20' title="bbox 229 2704 1430 2792; baseline -0.001 -21"><span class='ocrx_word' id='word_1_163' title='bbox 229 2729 367 2790; x_wconf 89' lang='lat' dir='ltr'>musque</span> <span class='ocrx_word' id='word_1_164' title='bbox 395 2710 436 2773; x_wconf 89' lang='lat' dir='ltr'>ad</span> <span class='ocrx_word' id='word_1_165' title='bbox 468 2731 525 2774; x_wconf 88' lang='lat' dir='ltr'>eos</span> <span class='ocrx_word' id='word_1_166' title='bbox 549 2710 636 2773; x_wconf 83' lang='lat' dir='ltr'>viros</span> <span class='ocrx_word' id='word_1_167' title='bbox 660 2708 699 2772; x_wconf 91' lang='lat' dir='ltr'>de</span> <span class='ocrx_word' id='word_1_168' title='bbox 728 2707 959 2791; x_wconf 86' lang='lat' dir='ltr'>nobilioribus,</span> <span class='ocrx_word' id='word_1_169' title='bbox 990 2710 1147 2792; x_wconf 88' lang='lat' dir='ltr'>rogantes</span> <span class='ocrx_word' id='word_1_170' title='bbox 1174 2727 1232 2770; x_wconf 87' lang='lat' dir='ltr'>eos</span> <span class='ocrx_word' id='word_1_171' title='bbox 1259 2711 1294 2769; x_wconf 88' lang='lat' dir='ltr'>et</span> <span class='ocrx_word' id='word_1_172' title='bbox 1316 2704 1430 2788; x_wconf 88' lang='lat' dir='ltr'>depre-</span> 
     </span>
     <span class='ocr_line' id='line_1_21' title="bbox 233 2807 1433 2892; baseline -0.001 -20"><span class='ocrx_word' id='word_1_173' title='bbox 233 2817 364 2876; x_wconf 83' lang='lat' dir='ltr'>cantes:</span> <span class='ocrx_word' id='word_1_174' title='bbox 396 2810 536 2877; x_wconf 82' lang='lat' dir='ltr'>forsitan</span> <span class='ocrx_word' id='word_1_175' title='bbox 559 2810 781 2892; x_wconf 80' lang='lat' dir='ltr'>dignabuntur</span> <span class='ocrx_word' id='word_1_176' title='bbox 802 2809 913 2874; x_wconf 86' lang='lat' dir='ltr'>venire</span> <span class='ocrx_word' id='word_1_177' title='bbox 942 2808 982 2873; x_wconf 91' lang='lat' dir='ltr'>ad</span> <span class='ocrx_word' id='word_1_178' title='bbox 1011 2830 1079 2873; x_wconf 89' lang='lat' dir='ltr'>nos.</span> <span class='ocrx_word' id='word_1_179' title='bbox 1123 2807 1218 2873; x_wconf 79' lang='lat' dir='ltr'>Tunc</span> <span class='ocrx_word' id='word_1_180' title='bbox 1240 2807 1433 2873; x_wconf 82' lang='lat' dir='ltr'>direxerunt</span> 
     </span>
    </p>
   </div>
   <div class='ocr_carea' id='block_1_6' title="bbox 233 2911 1433 2997">
    <p class='ocr_par' dir='ltr' id='par_1_6' title="bbox 233 2911 1433 2997">
     <span class='ocr_line' id='line_1_22' title="bbox 233 2911 1433 2997; baseline -0.001 -19"><span class='ocrx_word' id='word_1_181' title='bbox 233 2913 274 2978; x_wconf 85' lang='lat' dir='ltr'>ad</span> <span class='ocrx_word' id='word_1_182' title='bbox 298 2936 353 2979; x_wconf 89' lang='lat' dir='ltr'>eos</span> <span class='ocrx_word' id='word_1_183' title='bbox 375 2913 593 2981; x_wconf 80' lang='lat' dir='ltr'>Nicodemum</span> <span class='ocrx_word' id='word_1_184' title='bbox 616 2921 650 2980; x_wconf 89' lang='lat' dir='ltr'>et</span> <span class='ocrx_word' id='word_1_185' title='bbox 671 2914 793 2997; x_wconf 73' lang='lat' dir='ltr'>ioseph</span> <span class='ocrx_word' id='word_1_186' title='bbox 822 2919 857 2978; x_wconf 88' lang='lat' dir='ltr'>et</span> <span class='ocrx_word' id='word_1_187' title='bbox 884 2912 1061 2988; x_wconf 75' lang='lat' dir='ltr'>tresviros</span> <span class='ocrx_word' id='word_1_188' title='bbox 1088 2913 1236 2979; x_wconf 87' lang='lat' dir='ltr'>rabbites</span> <span class='ocrx_word' id='word_1_189' title='bbox 1259 2911 1433 2980; x_wconf 81' lang='lat' dir='ltr'>Galilaeos</span> 
     </span>
    </p>
   </div>
   <div class='ocr_carea' id='block_1_7' title="bbox 235 3108 447 3122">
    <p class='ocr_par' dir='ltr' id='par_1_7' title="bbox 235 3108 447 3122">
     <span class='ocr_line' id='line_1_23' title="bbox 235 3108 447 3122; baseline 0.009 -2"><span class='ocrx_word' id='word_1_190' title='bbox 235 3108 447 3122; x_wconf 58' lang='lat' dir='ltr'>u———n-—s-t-</span> 
     </span>
    </p>
   </div>
   <div class='ocr_carea' id='block_1_8' title="bbox 234 3246 1434 3568">
    <p class='ocr_par' dir='ltr' id='par_1_8' title="bbox 234 3246 1434 3568">
     <span class='ocr_line' id='line_1_24' title="bbox 235 3246 1433 3313; baseline -0.001 -12"><span class='ocrx_word' id='word_1_191' title='bbox 235 3248 262 3311; x_wconf 70' lang='grc' dir='ltr'>(ο</span> <span class='ocrx_word' id='word_1_192' title='bbox 281 3266 323 3299; x_wconf 87' lang='lat' dir='ltr'>our</span> <span class='ocrx_word' id='word_1_193' title='bbox 342 3266 380 3299; x_wconf 78' lang='lat' dir='ltr'>oe.</span> <span class='ocrx_word' id='word_1_194' title='bbox 399 3266 457 3306; x_wconf 77' lang='lat' dir='ltr'>no.,·</span> <span class='ocrx_word' id='word_1_195' title='bbox 480 3248 584 3301; x_wconf 69' lang='lat' dir='ltr'>romeli</span> <span class='ocrx_word' id='word_1_196' title='bbox 600 3248 695 3308; x_wconf 60' lang='lat' dir='ltr'>nostrii</span> <span class='ocrx_word' id='word_1_197' title='bbox 713 3265 751 3300; x_wconf 79' lang='lat' dir='ltr'>eo.</span> <span class='ocrx_word' id='word_1_198' title='bbox 767 3248 910 3312; x_wconf 71' lang='lat' dir='ltr'>poterimus</span> <span class='ocrx_word' id='word_1_199' title='bbox 927 3248 956 3311; x_wconf 77' lang='grc' dir='ltr'>(Α</span> <span class='ocrx_word' id='word_1_200' title='bbox 970 3246 1114 3312; x_wconf 74' lang='lat' dir='ltr'>potuerint)</span> <span class='ocrx_word' id='word_1_201' title='bbox 1139 3247 1143 3311; x_wconf 95' lang='grc' dir='ltr'>Ι</span> <span class='ocrx_word' id='word_1_202' title='bbox 1167 3252 1226 3298; x_wconf 74' lang='lat' dir='ltr'>tene</span> <span class='ocrx_word' id='word_1_203' title='bbox 1245 3264 1294 3313; x_wconf 77' lang='lat' dir='ltr'>per</span> <span class='ocrx_word' id='word_1_204' title='bbox 1311 3264 1375 3299; x_wconf 79' lang='lat' dir='ltr'>omn.</span> <span class='ocrx_word' id='word_1_205' title='bbox 1393 3264 1433 3300; x_wconf 77' lang='lat' dir='ltr'>ce·</span> 
     </span>
     <span class='ocr_line' id='line_1_25' title="bbox 235 3332 1434 3397; baseline 0 -15"><span class='ocrx_word' id='word_1_206' title='bbox 235 3351 290 3382; x_wconf 78' lang='lat' dir='ltr'>runi</span> <span class='ocrx_word' id='word_1_207' title='bbox 312 3339 350 3383; x_wconf 76' lang='lat' dir='ltr'>cet</span> <span class='ocrx_word' id='word_1_208' title='bbox 367 3336 433 3397; x_wconf 71' lang='lat' dir='ltr'>quod</span> <span class='ocrx_word' id='word_1_209' title='bbox 460 3333 488 3395; x_wconf 79' lang='lat' dir='ltr'>(u</span> <span class='ocrx_word' id='word_1_210' title='bbox 510 3350 572 3384; x_wconf 80' lang='lat' dir='ltr'>uero</span> <span class='ocrx_word' id='word_1_211' title='bbox 593 3338 651 3382; x_wconf 68' lang='lat' dir='ltr'>sunt</span> <span class='ocrx_word' id='word_1_212' title='bbox 674 3334 748 3397; x_wconf 77' lang='lat' dir='ltr'>quoe)</span> <span class='ocrx_word' id='word_1_213' title='bbox 771 3359 781 3370; x_wconf 93' lang='lat'><strong>·</strong></span> <span class='ocrx_word' id='word_1_214' title='bbox 799 3334 952 3381; x_wconf 69' lang='lat' dir='ltr'>inuenientes</span> <span class='ocrx_word' id='word_1_215' title='bbox 968 3348 1027 3381; x_wconf 80' lang='lat' dir='ltr'>nero</span> <span class='ocrx_word' id='word_1_216' title='bbox 1047 3332 1073 3394; x_wconf 80' lang='grc' dir='ltr'>(Α</span> <span class='ocrx_word' id='word_1_217' title='bbox 1092 3336 1117 3381; x_wconf 81' lang='lat' dir='ltr'>et</span> <span class='ocrx_word' id='word_1_218' title='bbox 1134 3333 1166 3381; x_wconf 81' lang='lat' dir='ltr'>de</span> <span class='ocrx_word' id='word_1_219' title='bbox 1182 3333 1219 3381; x_wconf 75' lang='lat' dir='ltr'>eis</span> <span class='ocrx_word' id='word_1_220' title='bbox 1238 3333 1404 3392; x_wconf 57' lang='lat' dir='ltr'>mommo)</span> <span class='ocrx_word' id='word_1_221' title='bbox 1423 3363 1434 3374; x_wconf 92' lang='lat'><strong>·</strong></span> 
     </span>
     <span class='ocr_line' id='line_1_26' title="bbox 234 3419 1434 3484; baseline 0.002 -16"><span class='ocrx_word' id='word_1_222' title='bbox 234 3422 335 3469; x_wconf 79' lang='lat' dir='ltr'>minime</span> <span class='ocrx_word' id='word_1_223' title='bbox 359 3420 388 3483; x_wconf 77' lang='grc' dir='ltr'>(Β</span> <span class='ocrx_word' id='word_1_224' title='bbox 412 3421 465 3483; x_wconf 77' lang='lat' dir='ltr'>oni)</span> <span class='ocrx_word' id='word_1_225' title='bbox 488 3422 573 3470; x_wconf 80' lang='lat' dir='ltr'>omnio</span> <span class='ocrx_word' id='word_1_226' title='bbox 596 3421 625 3481; x_wconf 78' lang='grc' dir='ltr'>(Β</span> <span class='ocrx_word' id='word_1_227' title='bbox 648 3421 701 3482; x_wconf 85' lang='lat' dir='ltr'>cru)</span> <span class='ocrx_word' id='word_1_228' title='bbox 725 3421 831 3468; x_wconf 73' lang='lat' dir='ltr'>mentita</span> <span class='ocrx_word' id='word_1_229' title='bbox 856 3420 884 3481; x_wconf 78' lang='grc' dir='ltr'>(Β</span> <span class='ocrx_word' id='word_1_230' title='bbox 905 3420 976 3468; x_wconf 67' lang='lat' dir='ltr'>uobis</span> <span class='ocrx_word' id='word_1_231' title='bbox 997 3419 1106 3480; x_wconf 68' lang='lat' dir='ltr'>mentite)</span> <span class='ocrx_word' id='word_1_232' title='bbox 1127 3424 1186 3467; x_wconf 71' lang='lat' dir='ltr'>meat</span> <span class='ocrx_word' id='word_1_233' title='bbox 1210 3456 1216 3469; x_wconf 93' lang='lat'><em>.</em></span> <span class='ocrx_word' id='word_1_234' title='bbox 1238 3456 1245 3470; x_wconf 85' lang='lat'><strong>.</strong></span> <span class='ocrx_word' id='word_1_235' title='bbox 1270 3434 1285 3471; x_wconf 85' lang='lat' dir='ltr'>c</span> <span class='ocrx_word' id='word_1_236' title='bbox 1309 3426 1434 3484; x_wconf 74' lang='lat' dir='ltr'>corrupto</span> 
     </span>
     <span class='ocr_line' id='line_1_27' title="bbox 236 3504 1434 3568; baseline 0 -15"><span class='ocrx_word' id='word_1_237' title='bbox 236 3507 288 3554; x_wconf 79' lang='lat' dir='ltr'>sio:</span> <span class='ocrx_word' id='word_1_238' title='bbox 313 3511 337 3554; x_wconf 73' lang='lat' dir='ltr'>ei</span> <span class='ocrx_word' id='word_1_239' title='bbox 361 3506 412 3567; x_wconf 76' lang='lat' dir='ltr'>ipsi</span> <span class='ocrx_word' id='word_1_240' title='bbox 433 3513 541 3555; x_wconf 68' lang='lat' dir='ltr'>norrea!</span> <span class='ocrx_word' id='word_1_241' title='bbox 563 3506 635 3554; x_wconf 76' lang='lat' dir='ltr'>nobis</span> <span class='ocrx_word' id='word_1_242' title='bbox 657 3507 733 3561; x_wconf 67' lang='lat' dir='ltr'>dom</span> <span class='ocrx_word' id='word_1_243' title='bbox 758 3510 826 3554; x_wconf 78' lang='lat' dir='ltr'>certe</span> <span class='ocrx_word' id='word_1_244' title='bbox 847 3521 896 3553; x_wconf 80' lang='lat' dir='ltr'>oon</span> <span class='ocrx_word' id='word_1_245' title='bbox 919 3509 957 3553; x_wconf 72' lang='lat' dir='ltr'>eu</span> <span class='ocrx_word' id='word_1_246' title='bbox 980 3506 1026 3552; x_wconf 74' lang='grc' dir='ltr'>Ιιοο</span> <span class='ocrx_word' id='word_1_247' title='bbox 1043 3520 1121 3552; x_wconf 71' lang='lat' dir='ltr'>canae</span> <span class='ocrx_word' id='word_1_248' title='bbox 1139 3507 1231 3552; x_wconf 68' lang='lat' dir='ltr'>naeniis</span> <span class='ocrx_word' id='word_1_249' title='bbox 1249 3504 1308 3568; x_wconf 78' lang='lat' dir='ltr'>quia</span> <span class='ocrx_word' id='word_1_250' title='bbox 1325 3521 1375 3553; x_wconf 76' lang='lat' dir='ltr'>non</span> <span class='ocrx_word' id='word_1_251' title='bbox 1392 3506 1434 3553; x_wconf 79' lang='lat' dir='ltr'>de·</span> 
     </span>
    </p>
   </div>
   <div class='ocr_carea' id='block_1_9' title="bbox 234 3591 1436 3725">
    <p class='ocr_par' dir='ltr' id='par_1_9' title="bbox 234 3591 1436 3725">
     <span class='ocr_line' id='line_1_28' title="bbox 235 3591 1436 3656; baseline 0.003 -18"><span class='ocrx_word' id='word_1_252' title='bbox 235 3591 304 3639; x_wconf 80' lang='lat' dir='ltr'>deret</span> <span class='ocrx_word' id='word_1_253' title='bbox 327 3592 438 3641; x_wconf 80' lang='lat' dir='ltr'>credere.</span> <span class='ocrx_word' id='word_1_254' title='bbox 476 3592 600 3656; x_wconf 72' lang='lat' dir='ltr'>Alioquin</span> <span class='ocrx_word' id='word_1_255' title='bbox 618 3593 747 3642; x_wconf 76' lang='lat' dir='ltr'>credemas</span> <span class='ocrx_word' id='word_1_256' title='bbox 764 3593 824 3656; x_wconf 80' lang='lat' dir='ltr'>quio</span> <span class='ocrx_word' id='word_1_257' title='bbox 843 3608 908 3656; x_wconf 74' lang='lat' dir='ltr'>quoe</span> <span class='ocrx_word' id='word_1_258' title='bbox 924 3608 1002 3655; x_wconf 71' lang='lat' dir='ltr'>rosque</span> <span class='ocrx_word' id='word_1_259' title='bbox 1018 3608 1084 3641; x_wconf 74' lang='lat' dir='ltr'>nrm</span> <span class='ocrx_word' id='word_1_260' title='bbox 1101 3593 1172 3641; x_wconf 72' lang='lat' dir='ltr'>dicio</span> <span class='ocrx_word' id='word_1_261' title='bbox 1191 3597 1262 3649; x_wconf 74' lang='lat' dir='ltr'>oront,</span> <span class='ocrx_word' id='word_1_262' title='bbox 1285 3610 1339 3641; x_wconf 80' lang='lat' dir='ltr'>ease</span> <span class='ocrx_word' id='word_1_263' title='bbox 1356 3595 1436 3644; x_wconf 67' lang='lat' dir='ltr'>irrita</span> 
     </span>
     <span class='ocr_line' id='line_1_29' title="bbox 234 3681 351 3725; baseline 0.017 -2"><span class='ocrx_word' id='word_1_264' title='bbox 234 3681 258 3725; x_wconf 74' lang='lat' dir='ltr'>ei</span> <span class='ocrx_word' id='word_1_265' title='bbox 276 3693 351 3725; x_wconf 78' lang='lat' dir='ltr'>uano.</span> 
     </span>
    </p>
   </div>
   <div class='ocr_carea' id='block_1_10' title="bbox 231 3780 1438 4451">
    <p class='ocr_par' dir='ltr' id='par_1_10' title="bbox 231 3780 1438 4451">
     <span class='ocr_line' id='line_1_30' title="bbox 319 3780 1435 3846; baseline 0.003 -16"><span class='ocrx_word' id='word_1_266' title='bbox 319 3782 346 3830; x_wconf 82' lang='lat'>4.</span> <span class='ocrx_word' id='word_1_267' title='bbox 385 3780 454 3830; x_wconf 69' lang='lat' dir='ltr'>ditae</span> <span class='ocrx_word' id='word_1_268' title='bbox 474 3781 527 3833; x_wconf 76' lang='lat' dir='ltr'>sub.</span> <span class='ocrx_word' id='word_1_269' title='bbox 547 3786 604 3832; x_wconf 80' lang='lat' dir='ltr'>orto</span> <span class='ocrx_word' id='word_1_270' title='bbox 628 3782 656 3845; x_wconf 83' lang='lat'>(11</span> <span class='ocrx_word' id='word_1_271' title='bbox 675 3780 769 3846; x_wconf 76' lang='lat' dir='ltr'>accito)</span> <span class='ocrx_word' id='word_1_272' title='bbox 789 3782 894 3831; x_wconf 75' lang='lat' dir='ltr'>oonsilio</span> <span class='ocrx_word' id='word_1_273' title='bbox 913 3781 978 3845; x_wconf 82' lang='lat' dir='ltr'>(sic)</span> <span class='ocrx_word' id='word_1_274' title='bbox 996 3808 1006 3818; x_wconf 93' lang='lat'><em>·</em></span> <span class='ocrx_word' id='word_1_275' title='bbox 1024 3785 1140 3831; x_wconf 77' lang='lat' dir='ltr'>timenter</span> <span class='ocrx_word' id='word_1_276' title='bbox 1158 3798 1215 3831; x_wconf 85' lang='lat' dir='ltr'>euru</span> <span class='ocrx_word' id='word_1_277' title='bbox 1235 3795 1270 3834; x_wconf 76' lang='lat' dir='ltr'>nu</span> <span class='ocrx_word' id='word_1_278' title='bbox 1290 3818 1320 3833; x_wconf 88' lang='lat'>..</span> <span class='ocrx_word' id='word_1_279' title='bbox 1340 3797 1356 3834; x_wconf 85' lang='lat' dir='ltr'>c</span> <span class='ocrx_word' id='word_1_280' title='bbox 1375 3784 1435 3833; x_wconf 71' lang='lat' dir='ltr'>Eu·</span> 
     </span>
     <span class='ocr_line' id='line_1_31' title="bbox 231 3867 1436 3934; baseline 0.003 -18"><span class='ocrx_word' id='word_1_281' title='bbox 231 3872 324 3931; x_wconf 72' lang='lat' dir='ltr'>perurat</span> <span class='ocrx_word' id='word_1_282' title='bbox 342 3867 428 3931; x_wconf 73' lang='lat' dir='ltr'>itaque</span> <span class='ocrx_word' id='word_1_283' title='bbox 453 3869 522 3917; x_wconf 74' lang='lat' dir='ltr'>viros</span> <span class='ocrx_word' id='word_1_284' title='bbox 544 3870 624 3919; x_wconf 74' lang='lat' dir='ltr'>iunior</span> <span class='ocrx_word' id='word_1_285' title='bbox 645 3869 685 3917; x_wconf 79' lang='lat' dir='ltr'>de.</span> <span class='ocrx_word' id='word_1_286' title='bbox 706 3871 758 3918; x_wconf 77' lang='lat' dir='ltr'>tim.</span> <span class='ocrx_word' id='word_1_287' title='bbox 788 3868 793 3932; x_wconf 93' lang='grc'>1</span> <span class='ocrx_word' id='word_1_288' title='bbox 823 3870 923 3934; x_wconf 53' lang='lat' dir='ltr'>wando</span> <span class='ocrx_word' id='word_1_289' title='bbox 941 3869 985 3917; x_wconf 77' lang='lat' dir='ltr'>illi</span> <span class='ocrx_word' id='word_1_290' title='bbox 1004 3871 1036 3918; x_wconf 76' lang='lat' dir='ltr'>de</span> <span class='ocrx_word' id='word_1_291' title='bbox 1058 3885 1079 3919; x_wconf 75' lang='lat' dir='ltr'>a.</span> <span class='ocrx_word' id='word_1_292' title='bbox 1100 3886 1158 3919; x_wconf 86' lang='lat' dir='ltr'>curn</span> <span class='ocrx_word' id='word_1_293' title='bbox 1177 3883 1212 3921; x_wconf 75' lang='lat' dir='ltr'>uu</span> <span class='ocrx_word' id='word_1_294' title='bbox 1232 3905 1262 3919; x_wconf 83' lang='grc'>..</span> <span class='ocrx_word' id='word_1_295' title='bbox 1282 3883 1298 3922; x_wconf 64' lang='grc' dir='ltr'><strong>ο</strong></span> <span class='ocrx_word' id='word_1_296' title='bbox 1317 3871 1436 3920; x_wconf 73' lang='lat' dir='ltr'>Carinum</span> 
     </span>
     <span class='ocr_line' id='line_1_32' title="bbox 234 3951 1437 4020; baseline 0.003 -18"><span class='ocrx_word' id='word_1_297' title='bbox 234 3957 258 4002; x_wconf 77' lang='lat' dir='ltr'>er</span> <span class='ocrx_word' id='word_1_298' title='bbox 276 3951 393 4000; x_wconf 70' lang='lat' dir='ltr'>Lectione</span> <span class='ocrx_word' id='word_1_299' title='bbox 411 3968 464 4001; x_wconf 74' lang='lat' dir='ltr'>ease</span> <span class='ocrx_word' id='word_1_300' title='bbox 481 3953 615 4018; x_wconf 66' lang='lat' dir='ltr'>drrj&#39;uoetoo</span> <span class='ocrx_word' id='word_1_301' title='bbox 629 3952 634 4016; x_wconf 83' lang='grc' dir='ltr'>Ι</span> <span class='ocrx_word' id='word_1_302' title='bbox 649 3959 675 4003; x_wconf 79' lang='lat' dir='ltr'>et</span> <span class='ocrx_word' id='word_1_303' title='bbox 692 3953 817 4016; x_wconf 61' lang='lat' dir='ltr'>spolior.</span> <span class='ocrx_word' id='word_1_304' title='bbox 838 3955 866 4015; x_wconf 87' lang='lat' dir='ltr'>(c</span> <span class='ocrx_word' id='word_1_305' title='bbox 883 3954 1002 4018; x_wconf 74' lang='lat' dir='ltr'>sepulcra</span> <span class='ocrx_word' id='word_1_306' title='bbox 1020 3954 1116 4015; x_wconf 74' lang='lat' dir='ltr'>eorum)</span> <span class='ocrx_word' id='word_1_307' title='bbox 1134 3954 1177 4002; x_wconf 80' lang='lat' dir='ltr'>obi</span> <span class='ocrx_word' id='word_1_308' title='bbox 1194 3971 1229 4004; x_wconf 79' lang='lat' dir='ltr'>re.</span> <span class='ocrx_word' id='word_1_309' title='bbox 1247 3971 1268 4004; x_wconf 78' lang='lat' dir='ltr'>a.</span> <span class='ocrx_word' id='word_1_310' title='bbox 1289 3955 1316 4018; x_wconf 76' lang='lat' dir='ltr'>(c</span> <span class='ocrx_word' id='word_1_311' title='bbox 1325 3957 1437 4020; x_wconf 68' lang='lat' dir='ltr'>fueruat</span> 
     </span>
     <span class='ocr_line' id='line_1_33' title="bbox 231 4038 1437 4108; baseline 0.003 -20"><span class='ocrx_word' id='word_1_312' title='bbox 231 4038 323 4102; x_wconf 77' lang='lat' dir='ltr'>positi)</span> <span class='ocrx_word' id='word_1_313' title='bbox 341 4044 370 4088; x_wconf 77' lang='lat' dir='ltr'>ot</span> <span class='ocrx_word' id='word_1_314' title='bbox 388 4039 526 4104; x_wconf 74' lang='lat' dir='ltr'>dilipeoler</span> <span class='ocrx_word' id='word_1_315' title='bbox 544 4058 602 4090; x_wconf 86' lang='lat' dir='ltr'>cum</span> <span class='ocrx_word' id='word_1_316' title='bbox 622 4055 655 4092; x_wconf 73' lang='lat' dir='ltr'>nr·</span> <span class='ocrx_word' id='word_1_317' title='bbox 675 4078 704 4091; x_wconf 89' lang='lat'>..</span> <span class='ocrx_word' id='word_1_318' title='bbox 725 4054 742 4091; x_wconf 78' lang='lat'>11</span> <span class='ocrx_word' id='word_1_319' title='bbox 760 4046 788 4090; x_wconf 74' lang='lat' dir='ltr'>ut</span> <span class='ocrx_word' id='word_1_320' title='bbox 806 4041 945 4106; x_wconf 66' lang='lat' dir='ltr'>diliqeater</span> <span class='ocrx_word' id='word_1_321' title='bbox 962 4042 1085 4104; x_wconf 72' lang='lat' dir='ltr'>sepultor.</span> <span class='ocrx_word' id='word_1_322' title='bbox 1105 4058 1189 4091; x_wconf 80' lang='lat' dir='ltr'>eorum</span> <span class='ocrx_word' id='word_1_323' title='bbox 1206 4042 1210 4104; x_wconf 95' lang='grc' dir='ltr'>Ι</span> <span class='ocrx_word' id='word_1_324' title='bbox 1228 4043 1332 4094; x_wconf 76' lang='lat' dir='ltr'>Perrex.</span> <span class='ocrx_word' id='word_1_325' title='bbox 1350 4044 1437 4108; x_wconf 72' lang='lat' dir='ltr'>iraque</span> 
     </span>
     <span class='ocr_line' id='line_1_34' title="bbox 234 4124 1435 4190; baseline 0.005 -18"><span class='ocrx_word' id='word_1_326' title='bbox 234 4125 296 4173; x_wconf 77' lang='lat' dir='ltr'>idid.</span> <span class='ocrx_word' id='word_1_327' title='bbox 317 4126 344 4188; x_wconf 79' lang='lat' dir='ltr'>(c</span> <span class='ocrx_word' id='word_1_328' title='bbox 362 4125 415 4174; x_wconf 71' lang='lat' dir='ltr'>auid</span> <span class='ocrx_word' id='word_1_329' title='bbox 438 4127 465 4174; x_wconf 81' lang='lat' dir='ltr'>io</span> <span class='ocrx_word' id='word_1_330' title='bbox 488 4126 614 4190; x_wconf 64' lang='lat' dir='ltr'>sepulcris</span> <span class='ocrx_word' id='word_1_331' title='bbox 635 4124 732 4187; x_wconf 82' lang='lat' dir='ltr'>eorum)</span> <span class='ocrx_word' id='word_1_332' title='bbox 755 4151 764 4161; x_wconf 94' lang='lat'>·</span> <span class='ocrx_word' id='word_1_333' title='bbox 787 4127 939 4176; x_wconf 76' lang='lat' dir='ltr'>dornritiooe</span> <span class='ocrx_word' id='word_1_334' title='bbox 957 4127 985 4189; x_wconf 79' lang='lat' dir='ltr'>(r</span> <span class='ocrx_word' id='word_1_335' title='bbox 1003 4125 1094 4188; x_wconf 69' lang='lat' dir='ltr'>sooria)</span> <span class='ocrx_word' id='word_1_336' title='bbox 1113 4143 1164 4177; x_wconf 77' lang='lat' dir='ltr'>eor.</span> <span class='ocrx_word' id='word_1_337' title='bbox 1183 4127 1292 4175; x_wconf 66' lang='lat' dir='ltr'>acles-aot</span> <span class='ocrx_word' id='word_1_338' title='bbox 1313 4126 1340 4187; x_wconf 85' lang='lat' dir='ltr'>(c</span> <span class='ocrx_word' id='word_1_339' title='bbox 1358 4128 1435 4178; x_wconf 70' lang='lat' dir='ltr'>ium·</span> 
     </span>
     <span class='ocr_line' id='line_1_35' title="bbox 235 4209 1437 4277; baseline 0.003 -20"><span class='ocrx_word' id='word_1_340' title='bbox 235 4209 324 4272; x_wconf 73' lang='lat' dir='ltr'>orout)</span> <span class='ocrx_word' id='word_1_341' title='bbox 348 4214 372 4258; x_wconf 77' lang='lat' dir='ltr'>et</span> <span class='ocrx_word' id='word_1_342' title='bbox 400 4210 509 4275; x_wconf 74' lang='lat' dir='ltr'>pedibus</span> <span class='ocrx_word' id='word_1_343' title='bbox 535 4237 545 4246; x_wconf 95' lang='lat'><em>·</em></span> <span class='ocrx_word' id='word_1_344' title='bbox 568 4213 765 4274; x_wconf 78' lang='lat' dir='ltr'>perrpimreroot</span> <span class='ocrx_word' id='word_1_345' title='bbox 792 4209 856 4275; x_wconf 89' lang='lat' dir='ltr'>(pro</span> <span class='ocrx_word' id='word_1_346' title='bbox 880 4211 922 4261; x_wconf 85' lang='lat' dir='ltr'>bis</span> <span class='ocrx_word' id='word_1_347' title='bbox 946 4211 1065 4261; x_wconf 80' lang='lat' dir='ltr'>breviter</span> <span class='ocrx_word' id='word_1_348' title='bbox 1088 4225 1104 4262; x_wconf 72' lang='lat' dir='ltr'>c</span> <span class='ocrx_word' id='word_1_349' title='bbox 1127 4216 1152 4259; x_wconf 76' lang='lat' dir='ltr'>et</span> <span class='ocrx_word' id='word_1_350' title='bbox 1175 4212 1293 4261; x_wconf 77' lang='lat' dir='ltr'>viderant</span> <span class='ocrx_word' id='word_1_351' title='bbox 1316 4212 1437 4277; x_wconf 75' lang='lat' dir='ltr'>quomodo</span> 
     </span>
     <span class='ocr_line' id='line_1_36' title="bbox 235 4296 1438 4364; baseline 0.005 -20"><span class='ocrx_word' id='word_1_352' title='bbox 235 4298 339 4356; x_wconf 69' lang='lat' dir='ltr'>feceruut</span> <span class='ocrx_word' id='word_1_353' title='bbox 357 4296 463 4361; x_wconf 72' lang='lat' dir='ltr'>aoprclli)</span> <span class='ocrx_word' id='word_1_354' title='bbox 483 4324 493 4333; x_wconf 95' lang='lat'><em>·</em></span> <span class='ocrx_word' id='word_1_355' title='bbox 511 4313 584 4362; x_wconf 84' lang='lat' dir='ltr'>poom</span> <span class='ocrx_word' id='word_1_356' title='bbox 601 4297 718 4360; x_wconf 80' lang='lat' dir='ltr'>plurimo</span> <span class='ocrx_word' id='word_1_357' title='bbox 735 4314 794 4348; x_wconf 81' lang='lat' dir='ltr'>curu</span> <span class='ocrx_word' id='word_1_358' title='bbox 809 4311 844 4349; x_wconf 72' lang='lat' dir='ltr'>Ac</span> <span class='ocrx_word' id='word_1_359' title='bbox 858 4334 864 4348; x_wconf 92' lang='lat'><em>.</em></span> <span class='ocrx_word' id='word_1_360' title='bbox 879 4333 885 4347; x_wconf 86' lang='lat'><strong>.</strong></span> <span class='ocrx_word' id='word_1_361' title='bbox 902 4299 991 4364; x_wconf 74' lang='lat' dir='ltr'>paullo</span> <span class='ocrx_word' id='word_1_362' title='bbox 1011 4298 1118 4348; x_wconf 85' lang='lat' dir='ltr'>brevior</span> <span class='ocrx_word' id='word_1_363' title='bbox 1136 4301 1178 4348; x_wconf 81' lang='lat' dir='ltr'>cst</span> <span class='ocrx_word' id='word_1_364' title='bbox 1196 4310 1212 4348; x_wconf 85' lang='lat'>11</span> <span class='ocrx_word' id='word_1_365' title='bbox 1228 4297 1232 4361; x_wconf 96' lang='grc' dir='ltr'>Ι</span> <span class='ocrx_word' id='word_1_366' title='bbox 1249 4300 1438 4350; x_wconf 59' lang='lat' dir='ltr'>causeam</span> 
     </span>
     <span class='ocr_line' id='line_1_37' title="bbox 237 4384 575 4451; baseline 0.003 -19"><span class='ocrx_word' id='word_1_367' title='bbox 237 4389 319 4434; x_wconf 63' lang='lat' dir='ltr'>aretem</span> <span class='ocrx_word' id='word_1_368' title='bbox 337 4401 392 4434; x_wconf 73' lang='lat' dir='ltr'>mem</span> <span class='ocrx_word' id='word_1_369' title='bbox 401 4384 575 4451; x_wconf 75' lang='lat' dir='ltr'>festinatione</span> 
     </span>
    </p>
   </div>
   <div class='ocr_carea' id='block_1_11' title="bbox 238 4475 1439 4820">
    <p class='ocr_par' dir='ltr' id='par_1_11' title="bbox 238 4475 1439 4820">
     <span class='ocr_line' id='line_1_38' title="bbox 323 4475 1438 4559; baseline 0.001 -16"><span class='ocrx_word' id='word_1_370' title='bbox 323 4475 349 4544; x_wconf 73' lang='lat' dir='ltr'>b.</span> <span class='ocrx_word' id='word_1_371' title='bbox 385 4508 472 4542; x_wconf 70' lang='lat' dir='ltr'>eoram</span> <span class='ocrx_word' id='word_1_372' title='bbox 489 4529 516 4543; x_wconf 92' lang='lat'>..</span> <span class='ocrx_word' id='word_1_373' title='bbox 535 4506 552 4544; x_wconf 87' lang='lat' dir='ltr'><strong>u</strong></span> <span class='ocrx_word' id='word_1_374' title='bbox 571 4492 723 4543; x_wconf 65' lang='lat' dir='ltr'>Iudaeorum</span> <span class='ocrx_word' id='word_1_375' title='bbox 748 4491 752 4556; x_wconf 95' lang='grc' dir='ltr'>Ι</span> <span class='ocrx_word' id='word_1_376' title='bbox 777 4505 851 4544; x_wconf 72' lang='lat' dir='ltr'>eom</span> <span class='ocrx_word' id='word_1_377' title='bbox 876 4493 944 4543; x_wconf 80' lang='lat' dir='ltr'>Aoo.</span> <span class='ocrx_word' id='word_1_378' title='bbox 963 4496 989 4542; x_wconf 79' lang='lat' dir='ltr'>et</span> <span class='ocrx_word' id='word_1_379' title='bbox 1008 4492 1052 4541; x_wconf 77' lang='lat' dir='ltr'>Co.</span> <span class='ocrx_word' id='word_1_380' title='bbox 1070 4493 1124 4542; x_wconf 75' lang='lat' dir='ltr'>dtr.</span> <span class='ocrx_word' id='word_1_381' title='bbox 1149 4488 1155 4559; x_wconf 90' lang='grc' dir='ltr'>Ι</span> <span class='ocrx_word' id='word_1_382' title='bbox 1178 4492 1265 4557; x_wconf 68' lang='lat' dir='ltr'>Dis-ip.</span> <span class='ocrx_word' id='word_1_383' title='bbox 1286 4491 1313 4557; x_wconf 77' lang='lat' dir='ltr'>(c</span> <span class='ocrx_word' id='word_1_384' title='bbox 1332 4491 1384 4543; x_wconf 76' lang='lat' dir='ltr'>add</span> <span class='ocrx_word' id='word_1_385' title='bbox 1403 4493 1438 4544; x_wconf 71' lang='lat' dir='ltr'>aa</span> 
     </span>
     <span class='ocr_line' id='line_1_39' title="bbox 238 4580 1439 4645; baseline 0.002 -15"><span class='ocrx_word' id='word_1_386' title='bbox 238 4580 292 4645; x_wconf 77' lang='lat' dir='ltr'>eor)</span> <span class='ocrx_word' id='word_1_387' title='bbox 310 4582 353 4630; x_wconf 85' lang='lat' dir='ltr'>abi</span> <span class='ocrx_word' id='word_1_388' title='bbox 370 4608 379 4618; x_wconf 97' lang='lat'>·</span> <span class='ocrx_word' id='word_1_389' title='bbox 397 4582 429 4631; x_wconf 79' lang='lat' dir='ltr'>de</span> <span class='ocrx_word' id='word_1_390' title='bbox 446 4581 613 4631; x_wconf 79' lang='lat' dir='ltr'>nobilioribus</span> <span class='ocrx_word' id='word_1_391' title='bbox 630 4581 659 4644; x_wconf 75' lang='grc' dir='ltr'>(Α</span> <span class='ocrx_word' id='word_1_392' title='bbox 677 4580 857 4645; x_wconf 62' lang='lat' dir='ltr'>nobilissimos)</span> <span class='ocrx_word' id='word_1_393' title='bbox 876 4598 935 4632; x_wconf 90' lang='lat' dir='ltr'>cum</span> <span class='ocrx_word' id='word_1_394' title='bbox 954 4593 986 4632; x_wconf 75' lang='grc' dir='ltr'>(Ἄ</span> <span class='ocrx_word' id='word_1_395' title='bbox 1007 4617 1037 4632; x_wconf 90' lang='grc'>..</span> <span class='ocrx_word' id='word_1_396' title='bbox 1056 4593 1073 4632; x_wconf 77' lang='grc' dir='ltr'><strong><em>Β</em></strong></span> <span class='ocrx_word' id='word_1_397' title='bbox 1092 4581 1179 4645; x_wconf 69' lang='lat' dir='ltr'>Diria.</span> <span class='ocrx_word' id='word_1_398' title='bbox 1196 4581 1266 4630; x_wconf 57' lang='grc' dir='ltr'>πίνοι</span> <span class='ocrx_word' id='word_1_399' title='bbox 1282 4580 1391 4641; x_wconf 71' lang='lat' dir='ltr'>nobiles,</span> <span class='ocrx_word' id='word_1_400' title='bbox 1410 4587 1439 4633; x_wconf 75' lang='lat' dir='ltr'>ut</span> 
     </span>
     <span class='ocr_line' id='line_1_40' title="bbox 238 4669 1438 4735; baseline 0.001 -17"><span class='ocrx_word' id='word_1_401' title='bbox 238 4670 359 4719; x_wconf 70' lang='lat' dir='ltr'>audierim.</span> <span class='ocrx_word' id='word_1_402' title='bbox 376 4687 419 4720; x_wconf 79' lang='lat' dir='ltr'>eor</span> <span class='ocrx_word' id='word_1_403' title='bbox 442 4686 495 4719; x_wconf 74' lang='lat' dir='ltr'>esre</span> <span class='ocrx_word' id='word_1_404' title='bbox 515 4670 520 4732; x_wconf 81' lang='grc' dir='ltr'>Ι</span> <span class='ocrx_word' id='word_1_405' title='bbox 536 4670 656 4735; x_wconf 76' lang='lat' dir='ltr'>forsitan</span> <span class='ocrx_word' id='word_1_406' title='bbox 678 4669 781 4732; x_wconf 61' lang='lat' dir='ltr'>dipoob.</span> <span class='ocrx_word' id='word_1_407' title='bbox 802 4685 859 4718; x_wconf 89' lang='lat' dir='ltr'>cum</span> <span class='ocrx_word' id='word_1_408' title='bbox 879 4681 913 4720; x_wconf 79' lang='lat' dir='ltr'>Bc</span> <span class='ocrx_word' id='word_1_409' title='bbox 932 4705 962 4719; x_wconf 86' lang='lat'>..</span> <span class='ocrx_word' id='word_1_410' title='bbox 982 4684 999 4720; x_wconf 82' lang='grc' dir='ltr'><strong>Α</strong></span> <span class='ocrx_word' id='word_1_411' title='bbox 1017 4673 1046 4719; x_wconf 76' lang='lat' dir='ltr'>ut</span> <span class='ocrx_word' id='word_1_412' title='bbox 1059 4670 1180 4734; x_wconf 74' lang='lat' dir='ltr'>sorailoo</span> <span class='ocrx_word' id='word_1_413' title='bbox 1196 4670 1365 4733; x_wconf 74' lang='lat' dir='ltr'>dipoorentrrr</span> <span class='ocrx_word' id='word_1_414' title='bbox 1380 4671 1385 4728; x_wconf 94' lang='grc' dir='ltr'>Ι</span> <span class='ocrx_word' id='word_1_415' title='bbox 1399 4670 1438 4719; x_wconf 69' lang='lat' dir='ltr'>di·-</span> 
     </span>
     <span class='ocr_line' id='line_1_41' title="bbox 238 4753 1437 4820; baseline -0.001 -17"><span class='ocrx_word' id='word_1_416' title='bbox 238 4760 358 4805; x_wconf 67' lang='lat' dir='ltr'>remo!</span> <span class='ocrx_word' id='word_1_417' title='bbox 377 4790 408 4806; x_wconf 89' lang='lat'>..</span> <span class='ocrx_word' id='word_1_418' title='bbox 427 4767 444 4804; x_wconf 81' lang='lat' dir='ltr'>B</span> <span class='ocrx_word' id='word_1_419' title='bbox 461 4755 552 4806; x_wconf 69' lang='lat' dir='ltr'>darer.</span> <span class='ocrx_word' id='word_1_420' title='bbox 569 4753 575 4820; x_wconf 88' lang='grc' dir='ltr'>Ι</span> <span class='ocrx_word' id='word_1_421' title='bbox 591 4755 649 4804; x_wconf 75' lang='lat' dir='ltr'>Nic.</span> <span class='ocrx_word' id='word_1_422' title='bbox 665 4758 690 4802; x_wconf 76' lang='lat' dir='ltr'>ot</span> <span class='ocrx_word' id='word_1_423' title='bbox 708 4757 760 4804; x_wconf 69' lang='lat'><em>102.</em></span> <span class='ocrx_word' id='word_1_424' title='bbox 781 4770 840 4803; x_wconf 85' lang='lat' dir='ltr'>cum</span> <span class='ocrx_word' id='word_1_425' title='bbox 859 4767 875 4803; x_wconf 78' lang='lat' dir='ltr'>u</span> <span class='ocrx_word' id='word_1_426' title='bbox 895 4788 925 4804; x_wconf 88' lang='grc'>..</span> <span class='ocrx_word' id='word_1_427' title='bbox 946 4768 961 4804; x_wconf 89' lang='lat' dir='ltr'>c</span> <span class='ocrx_word' id='word_1_428' title='bbox 979 4753 1032 4802; x_wconf 72' lang='lat' dir='ltr'>add</span> <span class='ocrx_word' id='word_1_429' title='bbox 1047 4758 1139 4816; x_wconf 74' lang='lat' dir='ltr'>patres</span> <span class='ocrx_word' id='word_1_430' title='bbox 1156 4761 1181 4804; x_wconf 76' lang='lat' dir='ltr'>ei</span> <span class='ocrx_word' id='word_1_431' title='bbox 1197 4756 1350 4809; x_wconf 74' lang='lat' dir='ltr'>sacerdotes.</span> <span class='ocrx_word' id='word_1_432' title='bbox 1369 4765 1437 4804; x_wconf 75' lang='grc' dir='ltr'>Λω-</span> 
     </span>
    </p>
   </div>
   <div class='ocr_carea' id='block_1_12' title="bbox 1168 4855 1223 4904">
    <p class='ocr_par' dir='ltr' id='par_1_12' title="bbox 1168 4855 1223 4904">
     <span class='ocr_line' id='line_1_42' title="bbox 1168 4855 1223 4904; baseline 0 0"><span class='ocrx_word' id='word_1_433' title='bbox 1168 4855 1223 4904; x_wconf 77' lang='lat'>27·</span> 
     </span>
    </p>
   </div>
   <div class='ocr_carea' id='block_1_13' title="bbox 0 0 1756 5640">
    <p class='ocr_par' dir='ltr' id='par_1_13' title="bbox 0 0 1756 5640">
     <span class='ocr_line' id='line_1_43' title="bbox 0 0 1756 5640; baseline 0 0"><span class='ocrx_word' id='word_1_434' title='bbox 0 0 1756 5640; x_wconf 95' lang='lat' dir='ltr'> </span> 
     </span>
    </p>
   </div>
  </div>
 </body>
</html>
