3458 5640
445 644 778 695 ascune-arminia
798 645 1038 697 avuncunlum
1066 645 1140 697 Chl‘.
1159 646 1281 697 xxxin.
1399 645 1459 708 103

265 794 443 859 cuiusdam
460 793 597 875 domus,
621 794 770 878 contigit
791 800 830 860 ut
846 794 987 879 quidam
1004 796 1046 862 de
1064 794 1259 862 infantibus
1280 796 1385 861 alium
1404 795 1460 861 de-

264 896 411 980 pelleret
432 897 474 962 de
498 897 627 963 solario
654 898 688 962 iu
713 904 855 980 terram,
882 905 917 963 ct
939 906 1094 965 mortuus
1118 904 1180 963 est.
1220 900 1367 965 Etcum
1390 922 1459 965 non

262 998 432 1066 vidissent
447 1008 611 1084 parentes
628 1002 766 1084 mortui,
784 1001 1251 1085 clamabautcontraloscph
1269 1003 1460 1068 etMariam

265 1103 434 1168 dicentes:
458 1103 572 1169 Filius
589 1111 704 1170 vester
720 1104 828 1170 lilium
840 1112 996 1172 nostrum
1014 1106 1109 1171 misit
1124 1105 1159 1169 in
1174 1112 1311 1187 terram,
1330 1111 1461 1171 ctmor-

263 1210 343 1271 tuus
365 1212 428 1270 est.
463 1205 564 1271 Iesus
581 1228 659 1272 roro
678 1208 818 1273 tacebat
840 1215 874 1273 ct
890 1208 978 1272 nihil
1000 1209 1051 1273 cis
1072 1207 1317 1290 respondebat.
1347 1208 1462 1274 Vene-

263 1313 345 1371 runt
360 1314 474 1371 autom
495 1309 704 1373 festinantes
721 1310 851 1391 Ioseph
869 1318 904 1374 et
919 1310 1033 1374 hlaria
1049 1310 1090 1373 ad
1110 1310 1242 1390 Iesum,
1265 1314 1301 1373 st
1315 1307 1462 1390 rogabat

263 1414 373 1474 mater
397 1430 461 1474 sua
477 1410 611 1475 dicens:
642 1411 793 1477 Domine
811 1412 872 1493 mi,
895 1412 951 1476 dic
968 1411 1052 1476 mihi
1074 1411 1103 1476 si
1125 1417 1162 1476 tu
1179 1410 1307 1476 misisti
1326 1431 1403 1474 eum
1424 1409 1460 1474 in

262 1517 400 1576 terram.
440 1512 487 1577 Et
511 1514 628 1578 statim
655 1513 839 1579 ‹lescendit
863 1514 964 1580 Iesus
990 1514 1032 1580 de
1058 1512 1186 1579 solario
1213 1513 1248 1576 in
1274 1517 1401 1577 terram
1427 1516 1462 1578 et

262 1616 396 1681 vocavit
410 1637 557 1701 puerum
574 1639 638 1702 per
655 1639 778 1683 nomen
797 1640 896 1684 suurn
913 1618 1022 1685 Zeno.
1053 1616 1101 1683 Et
1121 1615 1303 1701 respondit
1321 1616 1367 1682 ci:
1391 1615 1462 1681 Do·

262 1720 365 1786 mine.
397 1721 566 1808 Dixitque
584 1722 636 1787 illi
654 1721 771 1789 Iesus:
796 1722 888 1789 Num
906 1745 969 1809 ego
986 1721 1214 1809 praecipitavi
1232 1725 1265 1788 te
1283 1722 1319 1787 in
1335 1727 1462 1787 terram

264 1825 307 1891 de
324 1825 475 1893 solario?
497 1826 548 1892 At
564 1827 624 1892 illc
642 1827 742 1892 dixit:
766 1826 857 1910 Non,
875 1828 1024 1894 domine.
1049 1827 1097 1893 Et
1111 1826 1227 1892 mirati
1245 1831 1327 1892 sunt
1341 1845 1464 1910 paren·

263 1936 317 1995 tes
333 1932 433 2012 pueri
451 1932 510 2014 qui
528 1932 820 2013 sueratmertuua
839 1938 874 1996 et
890 1931 1237 1997 lrouorahantlesum
1254 1928 1461 2012 superfacto

266 2031 376 2114 signo.
400 2033 448 2096 Et
463 2032 626 2097 abierunt
642 2033 723 2098 inde
741 2033 869 2115 Ioseph
887 2039 922 2097 et
937 2033 1052 2097 Maria
1068 2052 1145 2096 cum
1162 2032 1243 2096 Icsu
1261 2031 1296 2094 in
1314 2029 1463 2096 Iericho.

698 2302 818 2370 Capua
841 2302 1028 2368 XXXIII.

350 2488 437 2553 Erat
452 2494 566 2555 autern
583 2489 685 2555 Iesus
706 2510 877 2555 annorum
894 2511 969 2572 sex,
993 2495 1028 2555 et
1043 2487 1139 2554 misit
1159 2487 1257 2553 illum
1274 2493 1385 2552 mater
1400 2473 1463 2551 sua

266 2614 341 2657 cum
369 2592 492 2677 hydria
521 2593 565 2658 ad
590 2594 723 2659 fontem
748 2593 887 2659 haurire
913 2614 1037 2678 aquam
1065 2613 1141 2659 curn
1165 2590 1371 2679 infantibus.
1415 2588 1464 2655 Et

265 2697 414 2781 contigit
428 2704 614 2782 postquam
631 2697 748 2764 hausit
763 2719 898 2782 aquam,
922 2704 962 2764 ut
978 2697 1118 2783 quidam
1135 2718 1176 2762 ex
1192 2694 1387 2762 infantibus
1403 2693 1464 2759 im·

264 2803 402 2886 pegerit
422 2824 499 2868 eum
523 2809 558 2868 et
579 2804 864 2888 conquassaverit
883 2801 1040 2887 hydriam
1061 2806 1097 2867 et
1116 2800 1262 2885 fregerit
1281 2819 1366 2864 eam.
1412 2795 1462 2863 At

266 2904 366 2972 Iesus
384 2908 552 2992 expandit
567 2908 712 2991 pallium
723 2930 790 2992 quo
809 2907 982 2990 utebatur,
1000 2913 1035 2973 et
1051 2906 1207 2990 suscepit
1222 2906 1258 2971 in
1273 2902 1381 2989 pallio
1398 2924 1460 2970 suo

267 3015 400 3074 tantum
422 3032 533 3094 aquae
551 3016 718 3095 quantum
740 3016 815 3077 erat
835 3011 871 3076 in
888 3011 1025 3097 hydria,
1048 3017 1083 3077 et
1098 3009 1250 3096 portarit
1270 3031 1344 3076 earn
1361 3009 1463 3075 matri

268 3135 361 3179 suae.
396 3113 446 3180 At
461 3115 524 3181 illa
538 3116 659 3182 videns
676 3116 881 3198 mirahatur,
904 3122 940 3182 et
955 3117 1133 3201 cogitabat
1148 3118 1241 3182 intra
1258 3136 1310 3197 se,
1334 3121 1368 3180 et
1385 3137 1463 3181 con·

267 3216 374 3283 debat
390 3219 505 3284 omnia
521 3220 606 3285 haec
623 3219 657 3283 in
676 3217 779 3285 corde
797 3241 870 3285 suo.

267 3495 405 3544 historiam
421 3512 451 3545 as
465 3496 557 3546 codice
569 3509 586 3543 n
599 3496 633 3545 sd
646 3502 728 3559 caput
741 3502 860 3545 nostrum
876 3494 958 3543 xxlr.
972 3496 1170 3559 adscripsimus.
1191 3492 1196 3560 Ι
1216 3495 1254 3544 Et
1270 3511 1337 3558 resp.
1350 3497 1386 3545 ei:
1411 3496 1464 3545 Do·

265 3579 344 3628 mise.-
362 3579 390 3629 io
404 3580 462 3630 cod.
476 3581 603 3644 scriptum
618 3585 662 3629 est
672 3580 731 3629 dese
744 3595 791 3644 pro
804 3580 910 3629 demine.

336 3667 367 3715 ln
379 3681 398 3716 n
411 3665 503 3716 codice
517 3665 609 3716 sabula
621 3666 699 3715 huius
713 3666 810 3729 cepitis
824 3666 934 3731 propius
948 3681 1026 3730 quam
1040 3667 1074 3716 sd
1088 3667 1157 3716 hanc
1171 3668 1281 3716 formam
1300 3665 1333 3715 sd
1347 3681 1378 3716 ea
1390 3681 1463 3717 acce·

265 3749 308 3799 dit
320 3766 387 3814 quae
401 3752 489 3817 capite
504 3751 562 3800 VII.
580 3752 714 3816 srsrrgelii
728 3752 815 3802 nostri
827 3752 944 3801 Thamna
956 3752 1047 3802 hutini
1061 3754 1244 3802 continentur.
1274 3752 1314 3801 Ad
1328 3753 1403 3802 illum
1416 3753 1463 3818 igi·

266 3841 310 3885 tur·
322 3837 408 3887 locum
422 3837 480 3899 ipsa
493 3838 573 3886 verbs
587 3837 754 3899 quaesituros
767 3837 871 3901 ablega.
1391 3845 1392 3848 ’

334 3936 455 3986 xxxru.
475 3937 594 3987 Similem
608 3937 670 3986 huic
684 3938 822 3986 historiam
834 3938 916 3988 codex
927 3951 943 3986 n
955 3938 1065 3988 exiribet
1075 3940 1219 4002 praemissa
1232 3939 1286 3988 alis
1296 3953 1372 4002 quam
1387 3952 1464 3988 ersu-

264 4022 329 4086 gclii
340 4023 424 4070 nostri
435 4022 526 4071 Thom.
538 4023 626 4070 Latin.
641 4021 724 4085 capiti
736 4022 811 4069 Vlll.
825 4022 976 4071 adscribere
987 4027 1116 4086 praestat.
1137 4024 1247 4087 lingitur
1261 4030 1348 4072 sutem
1363 4023 1400 4072 ibi
1411 4023 1462 4072 sic:

336 4107 394 4154 etim
411 4108 485 4155 beata
497 4108 587 4156 Maria
605 4108 713 4156 misisset
721 4107 836 4168 patellam
849 4124 920 4155 stiam
933 4124 986 4155 cam
998 4109 1102 4172 hydria,
1121 4106 1176 4171 [ct]
1189 4108 1324 4156 multituda
1336 4106 1465 4155 mulierum

266 4191 405 4256 &sontem
417 4192 562 4240 coadunata
566 4193 677 4256 suisset,
693 4195 802 4254 propter
809 4205 959 4253 pressuram
971 4206 1058 4239 aarum
1062 4194 1160 4257 fracta
1177 4195 1215 4240 est
1232 4191 1324 4257 hydria
1336 4207 1409 4254 qaam
1420 4191 1463 4240 da·

266 4276 357 4326 minira
372 4277 461 4340 praelia
476 4280 634 4337 portaverat.
663 4275 731 4324 Diae
746 4277 863 4338 perrexit
881 4276 953 4325 Iessrs
971 4277 1005 4325 ad
1015 4278 1130 4342 sontem,
1147 4277 1260 4342 implevit
1275 4276 1384 4339 palliam
1395 4292 1465 4325 nam

266 4380 334 4428 aqua
346 4367 370 4412 ei
383 4363 443 4413 rutis
454 4365 533 4413 ruatri
545 4381 612 4412 sitae.
638 4363 738 4413 Deinde
751 4363 1029 4428 aaliipearsrapmeata
1040 4363 1148 4428 hydriae
1161 4361 1263 4412 insimul
1275 4362 1379 4426 inopem
1390 4362 1463 4411 aerbo

266 4468 310 4502 sao
322 4451 443 4502 solidavit
460 4453 499 4501 iia
511 4453 577 4517 praed
589 4452 715 4501 scissurae
733 4451 759 4498 in
778 4468 808 4499 ea
824 4452 921 4514 siphara
933 4452 1031 4500 ririiiims
1044 4451 1181 4501 videretur.
1209 4449 1276 4499 Iliae
1289 4450 1363 4498 beata
1375 4449 1465 4498 Maria

268 4541 382 4591 aseslaia
394 4545 432 4591 est
445 4541 526 4590 Iesrim
538 4541 637 4590 dicens.-
663 4539 816 4590 Benedictus
828 4541 863 4588 sit
874 4539 936 4588 deus
948 4539 991 4604 psi
1002 4539 1073 4589 nohis
1086 4536 1256 4604 talrmjiliam
1267 4536 1345 4586 dedit.

336 4629 385 4681 llis
399 4643 466 4693 quse
484 4627 511 4678 iu
525 4627 582 4678 cod.
597 4642 615 4678 n
629 4626 809 4692 respondent,
829 4626 890 4677 vida
904 4626 937 4676 sd
951 4642 1044 4692 evang.
1058 4627 1151 4676 Thom.
1164 4626 1224 4675 hat.
1238 4639 1295 4689 cup.
1308 4622 1352 4672 lli.
1377 4623 1464 4673 Etiam

270 4716 297 4767 in
310 4731 328 4767 n
340 4716 516 4782 praecedunt,
536 4716 637 4782 pariter
650 4721 731 4780 atque
751 4715 779 4765 iu
792 4728 822 4774 n,
842 4731 909 4781 qrrae
922 4731 980 4765 eum
994 4714 1112 4766 ciusdem
1127 4715 1188 4765 libri
1202 4729 1259 4779 esp.
1273 4710 1347 4762 Vlll.
1360 4726 1466 4777 compo·

269 4803 358 4853 nenda
370 4807 441 4852 sunt
