3458 5640
267 598 315 643 Lx
729 533 999 629 ruonnoouunn.

268 732 401 814 moniis,
432 750 516 813 quoe
548 748 645 811 saepo
677 728 827 793 adhibite
858 732 936 793 sunt
963 727 1005 792 od
1033 727 1223 793 elevandam
1250 730 1462 812 antiquitatis

267 843 345 910 libri
367 843 407 908 do
429 863 495 926 quo
519 841 691 925 quaeritur
719 840 858 906 laudem.
901 840 953 904 At
975 860 1035 905 nee
1056 840 1091 904 in
1112 839 1180 904 ullo
1204 840 1316 905 codice
1341 861 1461 925 graeco

267 976 407 1040 usquam
436 958 602 1038 repertum
631 958 682 1019 ost
710 951 917 1040 εὐαγγέλιομ
949 951 1034 1016 κατὰ
1060 950 1248 1039 Νικόδυμομ
1277 951 1329 1019 vel
1356 951 1463 1019 similo

231 1055 233 1063 ¹
268 1071 361 1155 quid,
389 1089 495 1153 nequo
522 1068 627 1153 magis
654 1067 688 1134 in
710 1067 878 1152 plerisque
888 1068 914 1150 ¹)
939 1066 1107 1133 codicibus
1120 1066 1242 1134 ⁴latinis
1265 1072 1316 1134 cst
1344 1088 1463 1152 „evan-

267 1184 388 1270 gelium
409 1182 611 1265 Nicodemi‚“
639 1201 699 1248 nec
721 1180 863 1264 denique
885 1182 920 1246 in
943 1185 1042 1264 copto
1064 1185 1148 1247 testo
1171 1184 1233 1264 cst3
1261 1201 1463 1266 quemquem

265 1297 301 1362 in
331 1296 481 1381 plurimis
513 1295 681 1362 codicibus
712 1301 747 1360 et
773 1294 900 1378 graccis
928 1299 962 1360 et
986 1294 1101 1359 latinis
1128 1294 1274 1377 itemque
1301 1294 1336 1359 in
1362 1299 1471 1378 copto.

266 1407 450 1473 studiorum
484 1406 660 1472 Nicodomi
697 1406 784 1470 circa
818 1405 938 1470 librum
956 1384 1093 1469 vdiserto
1121 1406 1244 1470 mentio
1274 1405 1320 1470 fit.
1372 1404 1462 1490 Quid

264 1516 397 1581 tandem
419 1517 522 1598 igitur
544 1518 592 1582 rei
622 1515 692 1583 est?
736 1513 866 1581 Nomen
890 1514 1051 1598 evangelii
1073 1512 1247 1580 Nicodemi
1269 1514 1387 1579 titulus
1411 1518 1462 1580 est

263 1648 378 1693 recens
406 1628 457 1692 vol
484 1628 596 1709 potius
624 1626 883 1708 recentissimus,
913 1626 934 1689 i.
957 1645 983 1689 e.
1012 1625 1069 1707 qui
1100 1629 1178 1707 post
1205 1623 1317 1690 Ooroli
1343 1623 1461 1708 Magni

264 1737 334 1803 fere
360 1742 511 1820 tempora
538 1737 595 1802 uni
620 1741 654 1800 et
678 1735 775 1800 alteri
798 1735 966 1801 hominum
989 1734 1242 1807 occidentalium
1264 1734 1390 1819 placuit
1412 1740 1461 1799 et

251 1853 329 1932 ¹quo
355 1854 432 1932 post
457 1869 538 1932 pree
565 1847 698 1929 ceteris,
730 1867 807 1912 num
833 1846 955 1912 multos
982 1847 1083 1911 ctiam
1110 1846 1194 1912 ulios
1221 1845 1336 1912 titulos
1359 1845 1462 1912 fuisso

264 1965 424 2025 testatum
455 1967 519 2043 cst,
550 1958 638 2042 apud
667 1960 799 2025 eosdem
827 1957 1048 2024 occidentales
1077 1978 1139 2023 usu
1165 1963 1333 2041 receptum
1344 1958 1370 2040 ²)
1403 1962 1462 2022 ost.

264 2071 431 2138 Nimirum
453 2072 579 2155 petitus
607 2077 657 2136 est
685 2070 761 2136 inde
784 2070 872 2154 quod
898 2069 980 2135 hoec
1006 2068 1237 2154 ῡωομμήμοιτο
1264 2064 1327 2134 τοῦ
1354 2071 1462 2155 κυρίου

266 2183 361 2270 ἧμῶμ
383 2178 495 2248 Ἰησοῦ
521 2178 672 2267 Χριστοῦ
701 2182 903 2268 ωραχθέμτο
926 2183 987 2245 dori
1010 2182 1157 2267 [leprico
1180 2181 1348 2258 Πιλάτου,
1380 2181 1462 2245 boec

264 2294 395 2379 „Gesta
430 2294 565 2377 Pilius,
602 2295 636 2358 hi
674 2293 932 2376 „Commentarii
964 2293 1147 2359 Salvatoris
1185 2291 1364 2376 conscripti
1401 2291 1462 2356 sub

264 2407 387 2473 Pontio
411 2406 522 2472 Pilato
530 2412 546 2445 “
577 2407 619 2471 ab
646 2404 829 2472 Nicodcmo
856 2404 908 2470 vel
937 2405 1091 2471 hebraico
1118 2405 1235 2488 scripti
1263 2403 1315 2468 vel
1343 2422 1461 2488 gracco

264 2519 351 2584 versi
373 2517 528 2584 dicuntur
549 2518 584 2584 in
606 2517 754 2602 prologo·
798 2516 879 2601 Ipsa
900 2538 977 2584 vero
1000 2517 1083 2583 hooc
1105 2516 1211 2585 Gesta
1231 2514 1349 2598 Pilati,
1372 2512 1461 2597 quod

256 2611 384 2697 ⁴nomen
412 2630 500 2715 apud
523 2628 725 2714 Gregorium
746 2628 974 2696 Turonensem
1001 2630 1052 2696 bis
1076 2628 1249 2713 legitur’),
1281 2628 1349 2692 sive
1371 2627 1462 2692 Actu

277 2930 280 2936 Ι
349 2863 373 2929 ¹)
392 2866 430 2915 llx
448 2866 549 2916 nostris
568 2865 630 2916 cdd.
644 2866 693 2915 let.
708 2866 798 2916 nullus
817 2881 874 2916 oum
894 2866 1004 2916 titulum
1022 2881 1086 2931 pree
1104 2881 1133 2916 se
1153 2866 1215 2917 tert.
1246 2864 1313 2915 Vide
1329 2878 1460 2914 commen·

264 2953 362 3003 terium
381 2968 441 3017 pag.
453 2954 513 3002 ³12.
1166 2999 1169 3005 .

350 3035 374 3102 ²)
392 3039 456 3090 ruis
473 3039 519 3104 qui
537 3038 649 3100 diceret,
668 3040 801 3105 evengelii
814 3039 953 3090 Nicodemi
972 3055 1068 3102 nomen
1087 3056 1102 3090 s
1121 3040 1260 3091 Britsnnis
1279 3040 1460 3105 excogitetum

264 3127 363 3188 rideri,
391 3128 490 3193 quippe
505 3126 688 3178 Nicodemum
712 3128 824 3192 primurn
848 3130 965 3194 ipsorum
994 3131 1144 3194 spostolum
1172 3129 1345 3180 incientibus.
1387 3124 1460 3184 Quse

264 3213 420 3264 coniectore
447 3213 510 3262 indo
538 3213 654 3276 sliqusm
681 3212 909 3276 probabilitatem
928 3213 1011 3264 hebet
1033 3214 1103 3278 quod
1127 3214 1316 3278 antiquissime
1343 3213 1460 3263 omnium

265 3297 443 3349 recentiorum
467 3297 618 3348 versionum
643 3301 685 3347 est
708 3298 926 3362 snglcsnxcnicse
956 3299 984 3348 id
1009 3299 1080 3364 qnod
1105 3298 1265 3349 documento
1293 3303 1336 3348 est
1358 3300 1459 3362 qusutc

265 3387 366 3436 honore
385 3399 451 3449 opus
470 3383 543 3433 istud
561 3385 613 3434 ism
632 3379 734 3447 pridem
753 3385 781 3433 in
794 3385 891 3449 buglis
905 3385 1026 3435 hebitum
1045 3387 1090 3437 sit.
1126 3385 1226 3436 Temen
1244 3400 1291 3449 prc
1310 3384 1461 3449 praecipuis

264 3468 385 3533 pertibus
398 3481 465 3531 quse
477 3465 618 3516 Nicodemi
636 3468 665 3516 in
683 3467 733 3516 hnc
752 3466 865 3516 historio
883 3472 948 3516 sunt
965 3472 994 3517 et
1011 3469 1039 3517 in
1058 3469 1169 3532 prologo
1189 3483 1247 3518 esse
1262 3466 1460 3530 prsodicsntur,

264 3551 346 3601 facile
365 3551 463 3613 eliquia
482 3549 510 3598 id
529 3563 625 3598 nornen
644 3550 766 3599 invenire
784 3554 899 3613 poteret.
1308 3559 1311 3566 '

349 3632 373 3698 ³)
393 3633 434 3684 Cf.
454 3634 520 3684 hist.
534 3634 660 3684 Francos.
680 3633 701 3693 Ι,
718 3633 789 3684 xxl.
809 3634 888 3696 (xx.)
909 3641 938 3685 et
956 3634 1186 3698 x11v.(xx111.)
1204 3636 1295 3685 Priore
1314 3637 1373 3685 loco
1393 3634 1459 3684 beec

264 3722 392 3783 leguntur
405 3719 585 3782 Adprebensus
602 3725 684 3768 autem
701 3723 727 3769 et
738 3721 837 3783 losepb,
856 3721 899 3784 qui
916 3736 970 3768 eum
987 3721 1144 3770 aromatibus
1161 3721 1289 3769 conditum
1306 3722 1333 3769 s'n
1350 3737 1395 3771 suo
1409 3737 1459 3771 mo·

263 3809 379 3855 nummio
400 3806 557 3864 recondidit,
584 3807 611 3855 s'a
634 3806 753 3873 cellulam
775 3807 918 3857 recluditur
939 3812 964 3858 et
985 3808 1017 3856 ob
1035 3809 1098 3870 ipsis
1115 3808 1274 3858 sacerdotum
1296 3808 1459 3871 principibus

264 3891 414 3949 custoditur,⁴
432 3892 552 3940 maiorem
569 3892 596 3940 r'n
614 3907 669 3941 eum
685 3892 803 3942 babentes
819 3895 959 3952 ramittam,
977 3897 1005 3943 ut
1027 3895 1106 3944 Gesta
1121 3893 1205 3943 Pilati
1222 3894 1256 3943 od
1271 3894 1396 3944 Tiberium
1413 3895 1457 3944 s'm·

260 3978 407 4039 peratorem
424 3976 501 4024 missa
518 3977 642 4040 referunt,
662 3993 736 4040 quom
752 3978 780 4026 in
798 3981 878 4039 ipsum
896 3979 1033 4036 dominum,
1051 3985 1079 4029 ut
1097 3980 1214 4029 rumille
1231 3996 1248 4028 a
1264 3980 1399 4037 militibus,
1417 3980 1459 4028 bic

263 4061 295 4109 ab
313 4061 378 4125 ipsis
394 4061 568 4110 sacerdotibus
585 4063 765 4112 custodiretur.
802 4062 853 4113 Sed
870 4068 1016 4127 recurrente
1027 4064 1126 4114 domino
1142 4065 1285 4115 custodibus
1301 4067 1397 4115 cisione
1414 4082 1458 4114 on·

260 4145 347 4209 celica
364 4147 471 4203 territis,
490 4162 545 4196 esem
562 4162 612 4196 aon
629 4147 786 4198 inueniretur·
803 4150 830 4197 in
848 4149 952 4207 tumulo,
970 4155 1042 4200 nocte
1056 4151 1171 4214 parietes
1188 4152 1219 4199 de
1238 4151 1345 4208 cellula,
1363 4153 1390 4200 s'n
1408 4168 1459 4216 qua

264 4233 354 4294 Iosepb
372 4233 516 4290 tenebatur,
540 4234 727 4295 suspenduntur·
744 4236 771 4283 in
788 4235 901 4291 subtimir
923 4237 978 4299 ipse
995 4252 1053 4286 sero
1071 4236 1102 4285 de
1120 4238 1235 4286 meredic
1253 4237 1396 4287 absolvente
1414 4253 1458 4285 an·

260 4316 319 4380 yslo
338 4317 471 4376 liberatur,
488 4319 630 4380 parietibus
647 4320 773 4368 restitutis
789 4321 816 4370 s'n
835 4320 915 4370 locum
932 4337 1011 4371 suum
1044 4321 1150 4387 Curaque
1163 4323 1298 4388 pontefices
1315 4323 1460 4372 custodiisse

262 4401 448 4463 exprobrarent
464 4405 489 4451 st
506 4406 620 4452 randum
638 4420 730 4468 corpus
747 4405 779 4453 ab
791 4406 882 4455 eisdem
893 4406 1020 4456 instanter
1031 4407 1197 4472 requirerent,
1215 4409 1303 4457 dicunt
1317 4410 1353 4458 eis
1364 4408 1460 4458 milites

262 4488 372 4538 Reddite
389 4506 433 4539 oce
450 4491 549 4556 losepb,
568 4495 593 4541 et
609 4507 656 4541 nos
672 4493 800 4547 reddimus
819 4492 958 4543 Christum:
979 4495 1023 4544 sed
1041 4498 1069 4544 ut
1086 4511 1170 4545 cerum
1188 4497 1357 4560 ueneremur,
1379 4512 1458 4560 neque

263 4589 306 4636 cpe
327 4573 510 4640 benefactorem
532 4576 587 4637 dei,
615 4593 693 4642 neque
713 4592 760 4628 nos
777 4578 866 4645 fllium
883 4580 926 4629 dei
947 4561 1053 4630 reddere
1074 4597 1140 4631 nnnc
1156 4581 1277 4632 sommus.
1316 4581 1385 4631 runc
1401 4581 1458 4631 illis

261 4661 374 4726 comesis
399 4661 494 4714 milites
516 4664 560 4714 sub
585 4666 634 4714 bac
659 4666 820 4716 recusatione
846 4666 998 4718 liberantur.
1034 4669 1128 4719 Altero
1151 4669 1210 4719 loco
1230 4668 1373 4736 Gregorius
1392 4669 1458 4722 hsce
