3458 5640
513 1454 763 1530 GES'PA
815 1452 1136 1530 Pluere·

318 1730 395 1815 Ego
417 1727 551 1796 Aenias
572 1734 749 1815 protector
774 1750 866 1796 eram
892 1729 988 1815 prius
1010 1727 1196 1795 Hebraeus
1214 1733 1250 1796 et
1270 1735 1424 1798 sectator

228 1835 333 1920 legis3
355 1833 415 1900 sed
433 1833 546 1917 gratia
561 1833 742 1901 salvatoris
759 1834 905 1899 maximo
923 1855 984 1918 pro
1002 1831 1091 1898 dono
1109 1852 1162 1897 me
1183 1834 1421 1919 apprehendit,

229 1939 375 2024 cognovi
393 1936 569 2003 Christum
585 1937 702 2002 Issum
724 1937 760 2001 in
777 1957 876 2000 sacro
892 1938 1064 2020 scriptura
1085 1940 1121 2000 ot
1136 1939 1268 2003 accessi
1286 1938 1329 2003 ad
1345 1960 1423 2004 cum

228 2043 272 2108 ad
295 2038 507 2107 credendum
524 2042 571 2122 ei,
594 2045 633 2104 ut
648 2039 775 2124 dignus
797 2040 914 2104 fierem
934 2043 1054 2104 sancto
1077 2038 1297 2123 baptismate.
1328 2037 1423 2106 Ante

228 2145 344 2211 omnia
361 2144 515 2227 quaesivi
535 2143 800 2227 hypomnematis
816 2162 904 2225 queo
923 2141 1084 2207 confecta
1100 2147 1182 2208 sunt
1202 2140 1274 2208 illis
1296 2148 1425 2229 tempo-

227 2248 325 2314 ribus
343 2246 385 2312 de
403 2247 541 2313 domino
559 2251 679 2311 nostro
696 2246 778 2310 Iesu
791 2244 929 2312 Ohristo
947 2250 983 2310 et
999 2267 1087 2329 quae
1098 2244 1223 2311 Iudaei
1238 2246 1426 2330 vulgarunt

228 2351 291 2416 sub
302 2350 431 2417 Pontio
441 2349 568 2416 Pilato.
592 2348 692 2415 Haec
703 2348 998 2432 linguahebraica
1014 2350 1143 2434 scripta
1159 2349 1275 2413 inveni
1286 2348 1423 2416 volente

230 2478 441 2486 ——uffl

295 2526 452 2592 'Antiquos
470 2526 514 2576 hic
527 2526 589 2576 libri
602 2527 699 2577 titulus
712 2525 850 2575 desumtne
864 2530 907 2576 eet
924 2541 955 2575 ex
975 2525 1108 2591 Gregor.
1127 2526 1245 2576 Toron.
1263 2526 1329 2577 hist.
1341 2525 1423 2577 Fren-

227 2630 279 2665 cor.
293 2614 319 2673 1,
336 2614 396 2664 XXI
414 2616 443 2664 et
460 2613 554 2664 XXIV.
582 2611 626 2662 Ad
643 2627 700 2663 eum
720 2611 838 2676 proxime
856 2612 963 2663 ecoedit
975 2611 1076 2678 Coptos
1091 2612 1267 2662 Commentarii
1283 2612 1424 2663 salvatoris

226 2702 366 2764 conempti
376 2700 421 2749 sul
434 2700 526 2749 Pontia
538 2698 627 2748 Pilato
636 2698 765 2760 praeside.
789 2698 882 2747 Amen
898 2699 997 2762 Incipit
1004 2702 1080 2762 perta
1090 2697 1230 2748 salvatoris
1242 2715 1316 2764 quarn
1327 2699 1424 2748 inuenit

230 2787 381 2836 Theodosius
394 2786 506 2848 Mapnue
521 2784 548 2832 in
560 2783 695 2846 praetorio
706 2783 795 2833 Pontii
806 2783 891 2832 Pilati
908 2784 934 2832 in
950 2783 1076 2833 codicibus
1089 2780 1208 2847 pellicis.
1233 2783 1301 2834 Item
1314 2777 1362 2833 ul:
1388 2785 1422 2842 In

226 2874 323 2922 suosnine
335 2876 439 2921 sanetae
451 2870 578 2918 trinitatis
595 2855 663 2932 incip
677 2868 844 2935 (incipienti
858 2869 986 2934 incipitl)
997 2874 1071 2934 perta
1082 2869 1221 2920 salvatoris
1232 2870 1327 2919 damini
1338 2870 1423 2920 nostri

227 2961 286 3009 Ieea
299 2959 403 3015 Christi,
420 2959 522 3006 inventa
537 2957 674 3006 Theodosio
687 2957 783 3020 Manno
795 2957 950 3022 imperatore
961 2957 989 3005 in
1000 2956 1141 3007 Ierusalem
1153 2957 1180 3005 in
1189 2958 1322 3022 praetorio
1335 2957 1424 3007 Pontii

226 3045 311 3094 Pilati
322 3045 349 3092 in
361 3043 487 3093 codicibus
495 3042 613 3107 pellicis.
638 3041 707 3092 Item
719 3041 753 3091 Β·
765 3043 834 3092 libro
848 3043 1026 3108 subscriptam
1040 3043 1136 3093 hebet:
1160 3044 1193 3092 In
1204 3045 1303 3093 nanim
1314 3047 1420 3093 sanetae

227 3129 355 3180 trinitatis
372 3128 513 3191 expliciunt
522 3131 596 3191 qesta
603 3144 653 3190 per
664 3127 818 3179 salvatorem
830 3129 913 3178 Iesum
926 3129 1064 3188 Christum,
1082 3145 1146 3194 quae
1158 3130 1253 3179 invenit
1267 3130 1420 3179 Theodosius

227 3216 339 3278 Hapsus
355 3215 495 3278 imperator
515 3215 542 3261 in
560 3213 700 3262 Ierusalem
719 3215 746 3261 in
758 3216 893 3279 praetorio
909 3215 998 3264 Pontii
1013 3215 1098 3264 Pilati
1115 3214 1142 3264 in
1159 3216 1231 3264 codd.
1248 3215 1319 3279 publ.
1356 3213 1421 3263 eon.

228 3300 388 3365 Sigmsring.
402 3299 481 3360 (enoc.
496 3298 574 3359 12?>:
599 3299 632 3347 In
643 3300 740 3348 nomine
756 3305 843 3349 sancte
858 3300 987 3349 trinitatis
1001 3301 1128 3364 incipiunt
1141 3305 1216 3365 aesta
1226 3300 1366 3350 saluatoris
1377 3300 1421 3349 do·

228 3387 290 3433 mini
302 3385 352 3433 Iee.
368 3385 471 3441 Olrs'sti,
488 3401 553 3449 qaae
565 3386 660 3435 inuenit
674 3387 827 3435 Ilueodoeiue
838 3386 950 3449 Hapsus
960 3387 1100 3448 imperator
1112 3387 1138 3434 in
1150 3386 1314 3436 Hierusalem
1325 3387 1352 3434 in
1361 3401 1421 3449 pre·

227 3472 294 3519 torio
306 3470 391 3519 Pilati
408 3471 435 3518 in
453 3470 578 3519 codicibus
591 3471 703 3535 publicis
717 3471 744 3518 in
763 3487 828 3520 anno
842 3487 908 3520 nano
919 3471 1023 3520 damma
1050 3471 1311 3521 Comparantur:
1334 3471 1367 3519 In
1378 3486 1421 3519 na·

225 3558 291 3606 mine
308 3556 349 3605 dei
366 3559 455 3606 summi
471 3557 595 3619 incipiunt
610 3562 684 3620 perta
700 3557 839 3607 salvatoris
856 3559 951 3607 domini
965 3558 1049 3607 nostri
1065 3559 1115 3607 Ies.
1136 3558 1243 3615 Glrieti,
1262 3573 1308 3622 que
1325 3557 1422 3607 incessit

229 3639 383 3693 Theodosius
394 3643 507 3707 Mapnue
519 3644 657 3705 imperator
674 3644 700 3691 in
713 3643 852 3693 Ierusalem
870 3645 897 3692 in
905 3645 1041 3708 praetorio
1052 3644 1141 3693 Pontii
1153 3644 1237 3693 Pilati
1254 3644 1281 3692 in
1294 3644 1421 3693 codicibus

221 3729 339 3792 publicis.
374 3729 507 3779 Similiter
523 3729 568 3778 elii
588 3733 630 3778 eet
647 3731 734 3779 multi.
771 3731 839 3780 item
857 3731 885 3779 in
899 3729 1024 3786 ¹editione
1042 3729 1239 3794 Antwerpienei
1258 3731 1323 3781 enni
1340 3732 1419 3781 1538:

227 3811 309 3864 Gesta
320 3813 460 3864 salvatoris
471 3816 554 3864 nostri
565 3815 624 3864 Iesu
637 3817 732 3866 Olristi
748 3817 880 3865 seeundum
893 3817 1066 3875 Nicodemum,
1084 3833 1149 3882 qaae
1160 3817 1256 3866 incenit
1270 3817 1422 3867 Theodosius

224 3901 336 3963 Mapnas
350 3900 377 3947 in
392 3901 527 3964 praetorio
539 3901 628 3950 Pontii
638 3902 730 3951 Pilati.
756 3902 1040 3964 (Praetereeedditum
1061 3908 1104 3954 eet
1121 3920 1152 3953 ea
1169 3903 1278 3953 hebraea
1291 3904 1379 3967 linpua
1394 3904 1421 3952 in

224 3987 331 4034 latinam
344 3986 494 4049 translata.)
507 4022 513 4035 .
528 4022 533 4034 .
552 4001 567 4035 Λ
583 3989 678 4050 Incipit
690 3990 845 4052 eoanpelisnn
858 3990 1057 4040 Nasarnearurn.
1084 3991 1202 4041 Eundem
1216 3991 1325 4040 titulum
1339 3989 1421 4038 hebet

223 4071 306 4120 I'nrie.
325 4071 383 4119 rod.
401 4074 477 4120 3338.
496 4072 571 4133 (alirn
584 4075 643 4122 451.
662 4073 749 4135 3855.)
775 4075 843 4124 Item
862 4075 974 4125 cou.13.
994 4075 1175 4125 bibliothocae
1195 4075 1303 4139 collegii
1322 4076 1420 4123 Mento·

224 4157 316 4204 nensis
329 4155 486 4218 evangelium
498 4157 689 4206 Nazaraeornm
701 4160 834 4207 secundum
846 4161 1014 4208 Nicodemum.
1035 4160 1134 4210 Eodem
1147 4162 1229 4210 titulo
1242 4161 1328 4209 utitur
1341 4159 1379 4208 Vi
1387 4175 1419 4208 n·

227 4245 313 4290 cent.
335 4241 503 4290 Bellonae.
522 4242 550 4291 in
568 4243 679 4308 prologo
696 4242 729 4292 ed
750 4243 892 4307 Speculum
910 4248 1032 4295 naturale
1052 4263 1074 4297 c.
1087 4249 1126 4304 9..
1145 4245 1189 4295 ubi
1206 4250 1262 4295 ests
1291 4245 1420 4307 Quaedam

225 4331 377 4389 reputantur
390 4329 536 4394 apocrypha
553 4353 561 4364 ·
579 4329 640 4393 quia
657 4333 775 4378 aratores
789 4345 874 4379 earum
885 4332 1038 4394 ipnorantnr
1050 4333 1110 4382 lieet
1118 4347 1212 4397 puram
1222 4333 1354 4381 ceritatem
1362 4346 1418 4379 ean-

224 4414 329 4473 ts'neant,
346 4421 373 4463 nt
386 4419 424 4463 eet
435 4415 591 4479 enanpeliusn
603 4416 793 4466 Nazaraeos-um
803 4452 809 4465 .
821 4455 827 4468 .
851 4431 883 4466 u:
903 4419 943 4468 De
951 4420 1072 4484 passione
1083 4425 1108 4469 et
1120 4420 1304 4469 resurreetione
1317 4417 1419 4472 Christi.

225 4500 293 4551 ltom
314 4501 357 4552 n‘:
383 4504 452 4551 Aeta
466 4503 597 4567 passionis
613 4508 638 4553 et
653 4504 848 4555 rerurrectionis
864 4506 959 4556 domini
974 4509 1057 4556 nostri
1074 4509 1132 4557 Issa
1149 4506 1250 4556 Christi.
1276 4504 1339 4554 Cod.
1358 4503 1417 4554 Psr.

226 4589 304 4638 1652:
330 4590 360 4638 In
373 4591 470 4639 nomine
481 4592 576 4641 damini
593 4593 683 4657 incipit
696 4593 760 4642 liler
771 4594 803 4643 de
812 4595 892 4659 pestis
903 4595 999 4644 domim
1009 4596 1092 4645 nostri
1103 4595 1241 4646 saluatoris
1249 4610 1299 4660 per
1311 4594 1418 4642 Idmaum

226 4676 351 4726 Ilelrenns
365 4683 425 4741 poet
438 4679 622 4731 Nicladmnusn.
648 4679 711 4730 cod.
729 4681 788 4732 Per.
805 4683 887 4732 5559:
912 4683 945 4731 In
962 4684 1059 4734 nomine
1075 4688 1162 4734 sancte
1181 4682 1308 4732 trinitatis
1327 4679 1419 4743 incipit

224 4765 332 4814 historia
348 4765 511 4828 depositone
526 4784 557 4816 ac
573 4770 758 4819 resurrectione
778 4774 853 4834 etque
870 4773 1014 4819 meensione
1029 4770 1125 4820 domini
1139 4769 1222 4821 nostri
1237 4770 1296 4819 Iesu
1314 4768 1417 4825 Christi,
