3458 5640
281 630 344 676 m
743 607 1015 661 rsonroourua

283 759 432 827 scentula
454 754 592 844 (μεᾶμισ)
615 759 744 824 Iesaiac
767 766 891 825 temere
913 759 1069 825 fecissent
1087 759 1249 841 virginem
1267 760 1478 843 (ωαρθέμοσ),

285 893 352 955 qua
373 870 572 936 Iudaeorum
596 870 829 935 celebrabatur
852 871 1016 935 calumnia
1039 871 1078 934 de
1099 868 1177 934 Iesu
1199 869 1266 934 filio
1289 868 1477 935 Pantherae

262 989 324 1047 'eir
345 980 565 1047 fornicatione
587 981 667 1061 nati,
691 1000 757 1064 qua
779 979 896 1047 (lelsus
918 969 1124 1049 Graecorum
1146 978 1276 1045 fabulas
1299 978 1338 1046 de
1360 980 1478 1046 Danae

284 1093 423 1175 aliisque
439 1091 478 1157 de
492 1091 620 1175 virgine
639 1097 745 1156 matre
763 1092 851 1156 natis
868 1090 1003 1156 ludibrii
1026 1111 1143 1156 caussa
1164 1091 1383 1174 componebat
1405 1114 1479 1157 curn

284 1203 481 1287 evangelicis
503 1202 749 1269 narrationibus
772 1203 813 1268 de
834 1202 961 1287 virgine
983 1201 1094 1268 Maria
1116 1200 1194 1268 Iesu
1215 1207 1337 1286 matre,
1365 1204 1479 1270 eadem

283 1316 402 1398 pietati
431 1314 517 1379 male
545 1313 714 1379 studiosae
743 1315 824 1395 sive,
852 1319 890 1378 ut
911 1313 1000 1397 quod
1024 1315 1131 1379 sentio
1153 1313 1251 1398 plano
1274 1315 1395 1398 dicam,
1422 1316 1480 1379 ho-

284 1427 364 1492 mini
388 1427 550 1494 Gnostico
574 1427 670 1509 eique
693 1425 867 1490 Ebionaeo
890 1432 924 1491 et
947 1432 1168 1509 opportunum
1198 1430 1232 1490 et
1258 1427 1479 1491 necessarium

283 1536 458 1603 videbatur
479 1541 669 1621 provectam
692 1535 828 1620 Iosephi
851 1542 995 1603 aetatem
1017 1538 1227 1620 suscipientis
1249 1535 1401 1617 Mariam,
1424 1536 1479 1602 Io-

287 1647 379 1731 sephi
402 1647 488 1713 filios
511 1668 551 1714 ex
572 1647 684 1731 priore
706 1648 917 1715 matrimonio
932 1655 1038 1732 natos,
1060 1649 1284 1731 virginitatem
1300 1647 1430 1714 Mariae
1445 1650 1479 1713 in

284 1763 384 1843 partu
411 1758 573 1825 illibatam
601 1764 779 1844 servatam,
811 1760 917 1844 ipsam
939 1761 1099 1844 virginem
1128 1766 1267 1825 matrem
1294 1762 1360 1825 iam
1387 1765 1479 1826 ante-

286 1891 385 1955 quam
407 1875 600 1937 nasceretur
622 1877 655 1938 et
676 1893 736 1955 per
759 1893 854 1937 omne
876 1871 1037 1937 infantiae
1060 1892 1139 1937 suae
1159 1878 1289 1955 tempus
1307 1873 1348 1937 ab
1367 1872 1480 1937 buma-

287 2002 406 2048 norum
426 2003 537 2048 rerum
560 1983 796 2049 consuetudine
820 1984 901 2049 satis
924 1982 1064 2049 alienam
1087 1983 1205 2049 docere
1218 1985 1249 2068 ¹).

373 2100 481 2187 Quam
504 2106 614 2167 autem
638 2124 738 2186 supra
759 2104 944 2186 insignibus
967 2102 1096 2185 aliquot
1117 2104 1316 2168 testimoniis
1332 2108 1480 2167 veterum

285 2211 396 2277 allatis
423 2214 663 2297 protevangelii
690 2213 816 2303 lamam·
838 2215 873 2278 in
900 2214 1101 2296 antiquitate
1128 2213 1230 2278 luisse
1254 2213 1481 2295 indicavimus,

285 2325 320 2390 id
338 2323 426 2409 quod
448 2323 554 2407 magis
576 2326 677 2389 etiam
700 2346 739 2389 cx
761 2324 978 2392 traditionum
1002 2345 1041 2388 ac
1062 2325 1186 2389 rituum
1208 2324 1349 2388 historia
1370 2324 1480 2389 doceri

284 2441 404 2520 potest,
431 2435 567 2502 candem
587 2457 649 2519 per
672 2436 812 2502 mediam
834 2442 978 2502 aetatem
1001 2440 1227 2502 conservatam
1248 2440 1481 2520 propagatam-

286 2569 351 2632 que
374 2569 445 2613 esse
467 2546 630 2631 probatur
648 2547 725 2613 inde
740 2548 829 2632 quod
848 2571 947 2632 quum
971 2568 1089 2632 inagna
1112 2548 1260 2613 codicum
1282 2547 1379 2612 huius
1401 2548 1479 2611 libri

286 2680 480 2743 graecorum
503 2661 599 2742 copia
620 2658 784 2743 hodieque
807 2660 841 2724 in
863 2660 1073 2725 bibliothecis
1095 2660 1274 2741 invenitur,
1299 2680 1397 2742 quam
1420 2681 1479 2722 nu-

286 2791 412 2835 merum
435 2771 754 2853 quinquagenarium
779 2770 933 2836 excedere
955 2771 1064 2836 nullus
1088 2771 1218 2851 dubito,
1242 2775 1312 2834 tum
1336 2768 1424 2852 quod
1446 2771 1481 2832 in

284 2879 407 2947 multas
429 2885 462 2945 et
485 2881 622 2946 orientis
638 2887 672 2946 et
687 2879 866 2946 occidentis
881 2881 1011 2964 linguas
1029 2880 1226 2945 translatum
1241 2884 1480 2963 praetereaque

286 2991 329 3057 ad
359 2991 442 3057 alias
474 2992 591 3057 similis
622 2992 751 3076 generis
781 2990 931 3058 fictiones
966 2992 1150 3057 adhibitum
1186 2993 1314 3057 scimus.
1367 2991 1482 3074 Atque

286 3104 363 3171 hinc
391 3104 491 3170 ctiam
519 3102 643 3171 factum
668 3109 719 3170 est
741 3109 778 3169 ut
800 3105 865 3170 iam
889 3104 1019 3170 saeculo
1043 3109 1136 3170 sexto
1160 3103 1285 3169 decimo
1309 3108 1343 3169 et
1365 3124 1481 3187 graece

287 3223 321 3283 et
342 3217 445 3283 latine
468 3216 662 3301 impressum
686 3216 847 3284 ederetur.
882 3217 930 3283 Et
951 3238 1067 3301 graece
1083 3216 1214 3300 quidem
1233 3218 1359 3300 primus
1379 3215 1482 3280 edidit

286 3328 463 3395 Michael
485 3327 681 3413 Neander‚
705 3329 866 3394 catechesi
883 3328 1024 3393 Lutheri
1047 3349 1186 3410 graecae
1209 3333 1242 3392 et
1262 3328 1388 3392 latinae
1406 3327 1480 3391 sub-

286 3439 425 3522 iungens
443 3441 671 3505 narrationum
691 3440 951 3524 apocrypharum
971 3438 1206 3518 collectionem,
1230 3460 1314 3522 quae
1330 3437 1481 3503 Basileac

288 3570 328 3615 ex
351 3549 484 3616 officina
505 3550 579 3615 Ich.
596 3549 736 3633 Oporini
759 3568 848 3616 anno⁴
871 3553 960 3616 1564.
983 3548 1107 3633 prodiit
1118 3550 1150 3631 ¹).
1186 3547 1306 3613 Latine
1322 3569 1399 3612 vcro
1416 3548 1479 3610 iam

289 3659 460 3726 duodecim
488 3661 583 3727 annis
610 3667 688 3726 ante
711 3682 750 3727 ex
773 3659 900 3726 schedis
923 3659 1134 3728 Guilielmi
1156 3659 1331 3724 Postelli
1360 3657 1480 3723 ibidem

374 3902 397 3971 1)
416 3906 489 3956 llaec
506 3921 628 3973 magnam
647 3908 749 3972 partem
769 3923 800 3957 cx
819 3908 1010 3958 dissertatione
1028 3924 1086 3959 sues
1100 3908 1132 3958 de
1152 3924 1263 3975 cvangg.
1276 3922 1364 3972 apocr.
1377 3906 1481 3971 origine

288 3997 316 4045 ct
334 4008 383 4042 usu
402 3991 493 4058 llsgsc
513 3990 645 4042 Comitum
664 3993 739 4044 1851.
758 3993 886 4051 dcsnmsi,
908 3993 952 4043 ubi
972 3991 985 4056 ξ
1004 3993 1029 4045 9.
1048 4009 1107 4059 pag.
1121 3995 1230 4044 26-35.
1249 3993 1376 4057 pleraque
1396 3992 1480 4041 fusius

287 4080 449 4128 tssctsntnr.
763 4114 769 4131 ,

373 4166 398 4232 ¹)
416 4170 523 4220 'l'ltnlns
541 4170 605 4221 libri
623 4179 666 4221 cst
688 4173 857 4236 Apoesyplsar
879 4173 925 4220 hcc
942 4177 991 4229 est,
1014 4172 1177 4222 mrrots'osss
1193 4172 1225 4219 ds
1244 4170 1356 4227 Christo,
1379 4168 1479 4226 Moris,

288 4257 387 4320 loseph,
406 4259 554 4321 copsats'oss
572 4261 597 4306 st
606 4257 716 4322 familia
735 4257 838 4316 Christi,
856 4263 931 4307 satra
948 4257 1050 4307 Billis.-
1074 4259 1143 4320 apud
1160 4263 1255 4308 osteses
1273 4261 1355 4306 ame»
1368 4257 1481 4304 Graecos

288 4344 438 4406 scriptores,
457 4342 560 4400 Pois-ss,
578 4341 725 4392 Historicos
741 4346 767 4391 st
784 4342 932 4407 Philolopos
947 4346 1051 4404 reperta
1068 4343 1174 4402 (inserto
1191 4343 1267 4390 stium
1285 4339 1480 4403 Proteoaupelio

288 4429 377 4478 Iseobs‘
397 4430 502 4486 craece,
522 4430 548 4479 is
568 4428 671 4480 Osisssts
688 4445 768 4494 asper
785 4435 895 4494 reperto,
912 4431 1016 4481 sscdsss
1033 4431 1101 4500 sclito
1118 4427 1248 4488 lustaus)
1267 4446 1298 4478 ss
1312 4427 1480 4477 oraculorum

287 4531 320 4563 σο
342 4513 499 4581 Sibyllam
522 4514 636 4572 sceibus,
660 4516 772 4579 pestium
796 4518 872 4566 assam
895 4517 1056 4575 testimoniis,
1082 4516 1189 4580 deniqne
1211 4513 1346 4564 maltorum
1370 4519 1480 4562 ostensu

287 4607 418 4652 coelom·
435 4600 523 4652 loru
540 4601 677 4664 descripto,
695 4603 811 4664 esposila
828 4606 854 4652 st
871 4601 941 4653 sdtts
956 4600 1144 4660 Orsssolals‘sa
1164 4617 1181 4649 a
1198 4599 1278 4650 Miris.
1292 4599 1413 4648 Neamlrc
1433 4598 1479 4647 Sc·

286 4692 410 4739 roolesss.
424 4686 499 4737 1564.
524 4684 637 4750 (Iterum
655 4684 742 4749 1⁶67.)
