3458 5640
561 1699 784 1775 EPISTOLA
816 1701 973 1775 PONTII
1006 1697 1165 1774 PILATI

266 1918 364 1975 QUAM
388 1916 527 1967 summu
549 1917 595 1966 ΑΙ)
620 1915 797 1966 ROMANUM
822 1915 1074 1963 Immemorem
1096 1914 1142 1962 DE
1165 1911 1305 1962 DOMINO
1324 1911 1462 1962 NOSTRO

732 1999 811 2048 msu
834 1997 995 2048 cussrsro.

323 2191 463 2287 Pontius
491 2191 622 2257 Pilatus
650 2191 783 2256 Tiberio
811 2188 950 2256 Caesari
978 2189 1170 2272 imperatori
1200 2189 1341 2254 sulutem
1370 2187 1400 2254 d.
1438 2268 1439 2271 Ι

348 2312 401 2379 De
428 2311 506 2378 iesu
530 2310 676 2396 Christo,
704 2333 801 2395 quem
830 2309 892 2375 tibi
919 2310 1016 2393 plane
1042 2310 1217 2394 postremis
1244 2309 1326 2375 meis
1354 2308 1461 2374 declu-

263 2440 432 2502 raveram‚
469 2423 549 2482 nutu
583 2416 715 2482 tandem
748 2416 860 2500 populi
892 2416 1045 2482 acerbum
1076 2438 1127 2481 me
1159 2415 1254 2500 quusi
1291 2414 1394 2480 invito
1428 2419 1462 2480 et

264 2521 463 2588 subtimente
493 2521 689 2606 supplicium
720 2527 885 2604 sumptum
916 2527 975 2585 est.
1018 2519 1136 2587 Virum
1164 2518 1275 2584 hercle
1300 2518 1349 2583 ita
1370 2518 1460 2602 pium

264 2633 297 2692 et
319 2648 468 2693 severum
491 2628 584 2692 nulla
606 2649 752 2710 unquam
775 2632 869 2691 setas
892 2624 1009 2690 habuit
1031 2646 1091 2690 nee
1112 2624 1269 2690 habiture
1292 2628 1351 2689 est.
1394 2622 1461 2689 Sed

263 2731 366 2795 mirus
404 2732 532 2796 exstitit
566 2731 671 2814 ipsius
709 2731 820 2814 populi
860 2734 1000 2795 conatus
1036 2730 1245 2813 omniumque
1276 2728 1459 2793 scribarum

264 2833 450 2917 principum
489 2840 522 2899 et
560 2835 725 2899 seniorum
758 2854 953 2914 consensus,
990 2832 1058 2897 suis
1095 2831 1264 2916 prophetis
1301 2837 1335 2896 et
1371 2853 1461 2896 more

263 2943 379 3004 nostro
414 2938 550 3023 Sibyllis
588 2944 706 3004 contra
740 2938 967 3021 monentibus,
1004 2939 1092 3004 huno
1129 2938 1279 3004 veritatis
1316 2939 1461 3021 legatum

264 3042 470 3125 crucifigere3
502 3043 605 3125 signis
632 3049 666 3107 et
693 3065 794 3127 supra
821 3049 972 3108 naturam
997 3043 1247 3127 apparentibus,
1279 3042 1356 3106 dum
1382 3063 1460 3124 pen·

265 3145 370 3226 deret,
399 3150 432 3208 et
459 3143 531 3209 orbi
560 3145 713 3209 universo
739 3144 1011 3227 philosophorum
1035 3144 1158 3209 iudicio
1181 3144 1310 3227 lapsum
1332 3144 1460 3207 minan·

263 3246 360 3311 tibus.
405 3247 530 3328 Vigent
556 3247 645 3311 illius
675 3246 842 3329 discipuli,
871 3269 969 3330 opere
997 3252 1030 3312 et
1051 3249 1138 3312 vitae
1165 3247 1371 3312 continentia
1391 3270 1460 3311 ma·

263 3349 401 3428 gistrum
432 3370 498 3411 non
527 3348 736 3427 mentientes,
764 3349 829 3412 imo
851 3349 886 3411 in
910 3349 980 3411 eius
1003 3348 1133 3412 nomine
1161 3347 1460 3412 beneficentissimi.

262 3446 339 3512 Nisi
377 3468 437 3529 ego
475 3448 669 3512 seditionem
707 3448 821 3530 populi
856 3470 959 3530 prope
991 3447 1175 3512 aestuantis
1207 3447 1328 3512 exoriri
1360 3447 1460 3530 perti-

347 3689 470 3743 Ir'piutolu
488 3695 544 3739 eto:
567 3689 606 3739 ito
625 3706 656 3739 ex
677 3690 742 3739 Ven.

346 3785 421 3834 Post.
449 3784 499 3848 (ito
525 3785 581 3835 Ven
609 3785 691 3842 Bodl,
719 3785 782 3834 Flor
805 3783 859 3847 om)
888 3785 940 3835 Pil.
968 3785 1048 3848 (Bodl
1077 3785 1129 3836 odd
1157 3785 1268 3834 ludam
1289 3784 1459 3847 procurator)

265 3872 318 3922 Πὸ.
340 3872 410 3922 Caes.
433 3873 494 3936 imp.
520 3872 570 3935 (itu
590 3873 646 3923 Ven
671 3872 754 3931 Boot,
779 3874 842 3923 Flor
865 3873 918 3938 om)
942 3873 1049 3925 salutem
1072 3873 1152 3937 (Bodl
1176 3874 1206 3937 r.)
1230 3873 1255 3923 d.
1275 3873 1349 3936 (Flor
1367 3890 1408 3923 om
1428 3875 1460 3922 de

261 3958 329 4007 Bodl
346 3956 387 4021 p.)

346 4051 493 4100 molimento
511 4069 569 4101 eum
590 4053 645 4102 Ven
666 4052 749 4102 Choes
770 4089 799 4102 ..
819 4054 881 4102 Flor
899 4054 1050 4110 subticente,
1076 4054 1143 4102 Bodl
1166 4053 1306 4102 mutuate
1321 4052 1325 4115 Ι
1341 4056 1365 4101 et
1384 4054 1459 4114 (Flor-

262 4138 344 4187 Choes
364 4138 405 4198 oc)
428 4154 539 4186 sonuum
558 4139 631 4200 (Flor
649 4139 785 4201 sincerum)
809 4156 867 4189 oum
889 4141 944 4188 Ven
964 4141 1026 4190 Flor
1045 4139 1128 4188 Choes
1150 4175 1178 4188 ..
1199 4139 1268 4188 Bodl
1290 4141 1329 4187 ita
1346 4156 1458 4188 renerum

263 4217 394 4285 {unquam
418 4238 476 4270 oum
497 4222 553 4271 Ven
572 4222 635 4271 mor
653 4222 736 4272 Chusa
757 4260 786 4273 ..
810 4224 879 4274 Bodl
902 4228 962 4273 unte
985 4229 990 4281 1
1014 4225 1195 4287 omniumque.
1215 4259 1222 4272 .
1243 4224 1300 4274 Ven
1319 4240 1360 4273 om
1385 4221 1455 4290 que}
1523 4245 1527 4253 ·

258 4306 403 4371 principum
426 4311 451 4355 et
474 4322 532 4356 oum
552 4307 609 4356 Ven
632 4306 729 4366 Choes,
755 4310 820 4359 item
840 4309 906 4358 Bodi
931 4315 956 4359 et
975 4311 1060 4372 princ.
1080 4327 1112 4358 oo
1136 4346 1142 4359 .
1164 4347 1170 4360 .
1191 4310 1296 4360 Floret
1319 4308 1323 4373 Ι
1347 4314 1372 4359 et
1392 4327 1456 4360 mor.

262 4409 320 4443 eum
339 4394 397 4445 Von
415 4395 478 4444 Flor
497 4394 580 4444 Chasa
599 4430 631 4444 ..
657 4395 724 4445 uod!
744 4412 785 4445 om
809 4401 834 4446 et
851 4400 960 4457 looutra
981 4396 1114 4446 mamutio
1139 4396 1209 4458 (Ven
1232 4396 1378 4458 morentii.)
1397 4413 1456 4446 rum

261 4482 330 4530 Bodl
350 4482 406 4531 Ven
426 4515 433 4528 ·
453 4518 458 4530 .
481 4481 542 4530 Flor
565 4480 648 4531 Choes
670 4484 870 4544 praemonentis.
900 4482 904 4546 Ι
936 4484 996 4533 Flor
1020 4484 1170 4549 crurfirere
1198 4484 1203 4545 Ι
1231 4483 1312 4547 ripnir
1333 4487 1359 4532 et
1382 4482 1457 4546 (mor

261 4572 349 4632 etiam)
369 4588 427 4621 cum
439 4572 496 4621 Ven
511 4571 571 4620 Flor
591 4606 620 4620 ..
642 4571 710 4621 Boot
729 4587 770 4621 om
786 4573 814 4621 ‘et
829 4575 833 4632 Ι
850 4573 918 4621 uoul
937 4573 1112 4622 minitantibus
1127 4574 1131 4636 Ι
1152 4572 1243 4636 Vipent
1261 4607 1291 4620 ..
1312 4571 1395 4621 Choes
1412 4588 1456 4620 ur·

258 4659 320 4720 pent
334 4658 339 4715 Ι
355 4656 426 4704 illium
443 4692 470 4706 ..
489 4656 545 4706 Ven
564 4657 634 4714 eiuol
652 4656 878 4723 benqtcentirrimiz
902 4657 960 4707 Ven
978 4673 1067 4723 praem
1087 4658 1176 4721 ubique
1194 4656 1327 4720 unicuique
1347 4659 1351 4715 Ι
1371 4655 1457 4705 Chen

314 4755 698 4807 unnuapoor.admiscuerunt.
722 4758 764 4798 Ed.
775 4759 802 4799 11.
1209 4745 1243 4792 2⁸
