3458 5640
398 620 565 672 rrrsrouln
586 621 740 674 losrrffl.
769 621 843 672 CAP.
863 621 937 673 lllll.
956 623 1025 673 xlv.
1250 625 1312 687 12?

583 872 703 941 (larun
726 873 835 940 XIII.

198 1007 248 1092 „O
266 1012 362 1092 deus,
381 1013 465 1097 (qui)
482 1019 604 1079 auctor
620 1017 680 1100 (es)
698 1013 809 1079 omnis
826 1012 955 1095 solatii,
976 1013 1062 1080 deus
1080 1016 1191 1082 omnis
1209 1007 1311 1084 mise·
1339 1026 1350 1049 ⁰

110 1113 282 1180 ricordiae
305 1121 340 1181 et
356 1115 516 1182 domiuus
533 1118 686 1184 universi
703 1117 844 1182 humaui
862 1117 1015 1202 generis,
1038 1118 1124 1185 deus
1141 1120 1307 1206 (inquam)

110 1217 244 1282 animae
262 1219 406 1301 spiritus
425 1221 626 1303 etcorporis
643 1223 720 1287 mei.
746 1219 901 1303 Supplex
917 1226 951 1286 te
961 1242 1117 1303 veneror,
1136 1221 1308 1288 odomiue

110 1319 241 1384 otdeus
258 1321 317 1384 mi:
336 1322 364 1386 si
383 1324 450 1386 iam
462 1324 690 1388 consummati
707 1322 964 1404 suutdiesmei,
981 1328 1188 1407 tempusque
1206 1324 1307 1389 adest

109 1443 176 1504 quo
193 1421 277 1486 mihi
296 1425 491 1489 exeundum
508 1433 562 1491 est
578 1448 618 1490 ex
634 1425 700 1491 hoc
716 1425 855 1506 mundo,
872 1425 990 1489 mittas
1008 1428 1032 1508 l,
1051 1446 1191 1509 quaeso,
1208 1425 1305 1510 mihi)

107 1523 316 1591 Michaelem
341 1550 518 1612 magnum,
550 1529 753 1613 augelorum
784 1535 924 1592 tuorum
954 1534 1152 1593 sanctorum
1177 1530 1305 1612 princi-

106 1648 200 1712 pem;
228 1635 460 1716 maneathue)
482 1653 631 1715 mecum,
660 1638 700 1697 ut
721 1630 923 1715 egrediatur
943 1630 1059 1696 anima
1079 1653 1156 1698 mea
1177 1631 1305 1698 misera

107 1753 147 1799 ex
164 1754 370 1801 aerumnoso
388 1735 454 1802 hoc
474 1756 618 1821 corpore
643 1738 717 1803 sine
735 1736 911 1818 molestia,
934 1735 1008 1800 sine
1031 1740 1164 1801 terrore
1188 1735 1305 1802 etim·
1408 1740 1413 1762 '

105 1838 287 1922 patientia.
332 1839 474 1906 Etenim
499 1840 622 1925 ingens
649 1842 753 1907 timor
778 1846 813 1906 et
836 1839 955 1905 tristia
978 1838 1163 1905 uehemens
1189 1841 1305 1906 omnia

106 1948 254 2026 occupat
264 1964 411 2029 corpora
427 1946 462 2009 iu
476 1944 531 2010 die
548 1944 669 2011 mortis
687 1965 817 2025 eorum,
835 1944 905 2009 aive
922 1964 995 2008 mas
1013 1947 1067 2008 est
1083 1942 1303 2026 abstemius,

106 2045 176 2110 aire
201 2046 316 2112 bestia
341 2048 412 2112 aive
438 2048 527 2131 fera,
557 2049 723 2132 quicquid
745 2048 797 2112 vel
823 2047 919 2111 humi
945 2051 1061 2129 reptat
1082 2046 1136 2110 vel
1161 2047 1196 2111 in
1223 2068 1304 2112 aere

104 2147 240 2214 volitat:
265 2150 300 2215 iu
319 2172 451 2218 summa
468 2157 647 2217 creaturae
665 2171 785 2216 omnes
803 2170 891 2234 quae
909 2152 1014 2234 (sunt)
1032 2148 1096 2214 sub
1115 2150 1211 2216 caelo
1229 2149 1304 2234 qui·

103 2249 263 2338 bus(que)
292 2255 385 2320 inest
412 2255 527 2321 vitalis
558 2255 703 2340 spiritus
736 2255 879 2320 horrore
911 2252 1176 2335 concutiuntur,
1207 2260 1302 2320 metu

103 2376 227 2441 magno
245 2363 281 2422 et
295 2358 503 2424 lassitudine
524 2358 658 2443 ingenti
670 2356 934 2423 discedentibus
952 2355 994 2421 de
1006 2357 1211 2440 corporibus
1228 2358 1302 2423 suis

102 2457 241 2525 illarum
262 2462 453 2528 animabus
489 2462 594 2528 Nunc
615 2463 737 2546 igitur,
762 2483 780 2526 o
803 2460 941 2526 domine
965 2464 1000 2526 et
1016 2459 1102 2524 deus
1124 2459 1185 2540 mi,
1208 2459 1304 2525 adsit

102 2563 231 2629 auxilio
258 2586 319 2631 suo
346 2566 491 2650 angelus
517 2573 598 2632 tuus
626 2572 768 2632 sanctus
798 2564 934 2630 animae
958 2584 1055 2628 meae
1090 2568 1126 2628 et
1150 2563 1302 2647 corpori.

102 2665 213 2732 donec
229 2689 249 2732 a
265 2689 301 2733 se
318 2669 465 2734 inuicem
484 2670 727 2736 dissolventur.
752 2667 877 2751 Neque
893 2666 1003 2732 facies
1020 2664 1136 2750 angeli
1153 2665 1237 2732 mihi
1254 2665 1298 2732 ad

103 2771 295 2837 custodiam
317 2773 399 2838 inde
422 2797 442 2839 a
458 2773 676 2840 formationis
693 2792 789 2838 meae
807 2771 863 2836 die
881 2769 1055 2854 designati
1076 2790 1197 2836 aversa
1213 2770 1259 2835 sit
1278 2791 1299 2835 a

102 2895 170 2957 me3
191 2897 308 2942 rerum
328 2877 496 2961 praebeat
516 2899 552 2943 se
574 2877 658 2943 mihi
679 2876 817 2943 itineris
840 2875 987 2958 socium,
1011 2872 1220 2960 usquedum
1243 2895 1297 2941 me

102 2979 144 3044 ad
161 2987 196 3045 te
217 2981 433 3065 perduxerit:
456 2984 502 3049 sit
516 2982 632 3050 vultus
655 2982 730 3049 eius
751 2981 834 3048 milri
856 3002 1022 3048 amoenus
1045 2986 1081 3046 et
1099 2979 1222 3046 hilaris
1231 3030 1238 3064 ,
1263 2986 1302 3046 et·

103 3085 287 3150 comitetur
301 3107 354 3150 me
372 3088 406 3151 in
424 3108 520 3171 pace.
556 3087 610 3153 Ne
627 3093 743 3154 autem
759 3087 940 3173 permittas
957 3093 997 3152 ut
1013 3085 1223 3171 (daemones)
1240 3085 1297 3151 ad-

102 3196 223 3272 spectu
250 3187 489 3257 formidabiles
512 3191 682 3258 accedant
705 3190 824 3256 adme
849 3189 1050 3273 inviaque
1074 3189 1187 3254 iturus
1210 3211 1296 3273 sum,

102 3291 212 3357 donec
234 3292 277 3358 ad
294 3299 328 3358 te
348 3292 500 3359 feliciter
515 3295 723 3377 perveniam.
753 3293 878 3376 Neque
896 3294 991 3358 sinas
1015 3298 1054 3356 ut
1070 3293 1205 3357 ostiarii
1225 3295 1299 3357 ani·

100 3415 188 3458 mam
204 3415 314 3460 meam
331 3396 491 3479 ingressu
512 3396 688 3480 (paradisi)
705 3394 924 3478 prohibeant.
955 3394 1080 3477 Neque
1099 3394 1295 3477 detegendo

100 3496 229 3562 delicta
245 3518 297 3561 me
316 3497 443 3579 probro
462 3519 614 3581 exponas
633 3518 747 3563 coram
764 3496 933 3562 tribunali
951 3502 1011 3562 tuo
1029 3494 1190 3561 terribili.
1227 3496 1296 3562 Ne-

99 3620 165 3682 que
187 3599 324 3664 irruaut
343 3601 378 3663 in
396 3621 448 3664 me
466 3600 596 3666 leones.
628 3598 753 3683 Neque
777 3600 874 3683 prius
898 3598 1125 3683 submergant
1146 3598 1294 3665 animam

96 3723 205 3768 meam
237 3703 362 3770 fluctus
388 3705 492 3772 maris
524 3703 618 3788 ignei
643 3742 684 3752 —
710 3704 775 3769 lroc
801 3703 916 3789 (enirn)
943 3704 1054 3769 omnis
1079 3703 1293 3788 pertransire
1392 3782 1395 3788 ³

97 3805 202 3872 debet
228 3807 344 3872 anima
363 3847 418 3890 -,
445 3828 546 3892 quam
573 3808 719 3892 gloriam
743 3806 935 3873 divinitatis
962 3813 1041 3872 tuae
1069 3827 1294 3890 conspexero.

96 3907 126 3976 Ο
144 3908 240 3991 deus,
258 3911 448 3976 iustissime
465 3911 581 3992 iudex,
599 3912 657 3994 qui
676 3912 712 3975 in
730 3910 867 3976 iustitia
883 3916 919 3976 et
934 3911 1111 3995 aequitate
1129 3911 1298 3977 mortales

95 4011 268 4078 iudicabis
289 4020 325 4079 et
340 4014 513 4078 retribues
530 4014 720 4097 unicuique
744 4013 934 4079 secuudum
957 4034 1063 4097 opera
1084 4015 1174 4094 eius,
1198 4013 1293 4078 odo·
1335 4078 1342 4093 ,

94 4115 186 4181 mine
208 4119 362 4200 (quaeso)
389 4123 424 4181 et
445 4117 530 4181 deus
553 4116 614 4197 mi,
642 4116 762 4181 adesto
788 4115 873 4180 milri
895 4115 1137 4181 misericordia
1157 4120 1231 4198 tua,
1258 4123 1298 4181 et.

94 4219 181 4285 viam
205 4239 316 4284 meam
341 4218 500 4285 illumina
525 4225 563 4286 ut
587 4219 784 4305 perveniam
811 4218 853 4284 ad
879 4224 927 4285 te:
954 4225 991 4285 tu
1015 4219 1130 4305 (enirn)
1153 4239 1189 4285 es
1212 4217 1296 4287 sous
1351 4232 1353 4236 “

97 4321 255 4388 omuibus
272 4322 454 4389 abundans
471 4324 572 4390 bonis
594 4330 629 4390 et
645 4324 757 4409 gloria
772 4323 808 4388 in
826 4330 1017 4405 aeternum,
1035 4330 1165 4389 amen.“

570 4513 690 4582 Cruor
712 4512 813 4583 XIV.

179 4651 323 4720 Factum
341 4654 467 4721 deinde
490 4661 558 4738 est,
582 4676 658 4720 cum
676 4654 815 4720 domum
838 4675 934 4720 suam
955 4655 991 4719 in
1013 4653 1098 4720 urbe
1114 4653 1292 4721 Nazareth

96 4756 213 4838 rediit,
235 4764 274 4823 ut
295 4760 413 4825 morbo
436 4764 616 4843 correptus
637 4760 728 4825 lecto
750 4762 940 4824 teneretur.
988 4756 1107 4841 Atque
1128 4757 1194 4824 hoc
1215 4765 1297 4824 erat
