3458 5640
397 615 600 694 nnseuusus
619 615 761 666 cnmsrr
779 616 825 665 nn
844 614 1005 665 insenos.
1034 615 1153 666 vr-rx.
1316 614 1378 678 429
1442 689 1447 701 ⁸

183 767 302 833 ridere.
350 767 398 832 Et
425 767 545 832 iterum
575 765 750 831 clamatum
779 771 829 830 est
857 765 963 830 intus:
995 764 1118 831 Tollite
1146 771 1260 850 portas
1288 767 1377 850 prin-

183 869 271 956 cipes
294 876 434 954 vestrns,
463 875 497 935 ct
523 867 693 934 elevamini
722 872 838 953 portae
865 867 1062 951 aeternales,
1091 873 1125 933 ct
1145 868 1299 934 introibit
1320 891 1378 934 rex

182 973 315 1057 gloriae.
360 973 656 1058 Interrogaverunt
686 971 805 1037 iterum
839 972 984 1037 infernus
1014 977 1048 1036 et
1069 971 1172 1038 Satan
1200 972 1241 1038 ad
1264 995 1377 1038 rocem

182 1081 270 1145 illam
295 1082 500 1164 perspicuam
518 1080 678 1145 dicentes:
702 1079 785 1164 Quis
808 1085 859 1143 est
881 1079 944 1143 iste
967 1101 1023 1144 rex
1045 1079 1197 1162 gloriae?
1226 1079 1378 1144 Dictum·

181 1205 244 1267 qne
273 1191 324 1249 est
351 1184 418 1248 illis
446 1207 467 1248 a
494 1205 571 1249 voce
599 1184 656 1248 illa
683 1182 827 1247 mirabili
851 1182 1017 1246 Dominus
1045 1183 1202 1246 virtutum
1230 1183 1300 1265 ipse
1328 1188 1379 1247 est

181 1309 237 1352 rex
260 1288 395 1368 gloriae.

559 1448 676 1515 Onrur
699 1446 801 1515 VIII.
838 1446 998 1532 (XXIV.)

266 1579 314 1645 Et
340 1601 416 1646 ecoe
445 1579 555 1645 subIto
579 1557 727 1645 infernus
749 1577 964 1663 contremuit,
996 1584 1029 1644 et
1055 1583 1171 1664 portae
1197 1579 1316 1645 mortis
1344 1572 1379 1644 et

181 1707 273 1751 serae
297 1684 518 1750 comminutae
541 1689 575 1750 et
595 1689 705 1751 vectes
728 1684 827 1750 ferrei
851 1683 1011 1748 confracti
1036 1688 1114 1748 sunt
1135 1688 1169 1749 et
1188 1683 1378 1750 ceciderunt

180 1790 215 1854 in
243 1795 381 1874 terram,
412 1795 446 1855 et
472 1791 639 1874 patefacto
666 1795 743 1854 sunt
765 1788 884 1854 omnia
927 1788 974 1853 Et
997 1786 1137 1854 Satanas
1160 1789 1319 1854 remansit
1342 1789 1378 1854 in

181 1894 339 1977 medium,
370 1894 544 1979 stabatque
572 1894 728 1959 confusus
751 1900 791 1982 *et
818 1892 977 1977 deiectus,
1009 1893 1195 1976 conligatus
1222 1895 1378 1978 compede

181 1999 216 2062 in
244 1999 391 2082 pedibus.
435 1999 483 2064 Et
510 2020 585 2064 ecce
615 1998 766 2064 (lominus
794 1998 890 2063 Iesus
913 1997 1066 2064 Christus
1093 1997 1227 2063 veniens
1253 1999 1288 2063 in
1316 2000 1380 2064 cla·

181 2102 280 2167 ritate
303 2102 424 2168 excelsi
447 2102 581 2168 luminis
604 2109 809 2185 mansuetam,
836 2123 976 2186 magnus
998 2106 1032 2168 et
1053 2102 1201 2186 humilis,
1228 2110 1377 2169 catenam

144 2269 146 2274 ,
181 2203 250 2268 suis
274 2204 453 2289 deportans
475 2204 628 2271 manibus
650 2203 752 2271 Satan
774 2227 849 2270 cum
878 2203 965 2270 collo
994 2203 1121 2290 ligavit,
1150 2209 1185 2270 et
1211 2204 1332 2271 iterum
1359 2228 1380 2272 a

180 2313 275 2394 tergo
308 2310 338 2375 ei
370 2310 514 2396 religans
547 2332 662 2377 manus
693 2310 884 2395 resupinum
917 2331 990 2375 eum
1025 2309 1115 2375 elisit
1145 2310 1178 2375 in
1207 2315 1378 2397 tartarum,

180 2416 362 2501 pedemque
393 2438 487 2483 suurn
520 2423 668 2483 sanctum
702 2417 731 2482 ei
769 2415 882 2501 posuit
918 2416 951 2480 in
982 2420 1133 2501 gutture,
1170 2413 1282 2482 dicens
1312 2415 1379 2481 Per

179 2520 290 2585 omnia
321 2520 432 2586 secula
462 2522 567 2588 multa
600 2521 688 2587 mala
718 2519 843 2603 fecisti,
876 2519 944 2585 ullo
976 2517 1073 2585 modo
1107 2539 1174 2584 non
1206 2518 1377 2603 quievisti:

178 2625 276 2691 hodie
308 2632 340 2691 te
367 2628 462 2693 trado
492 2627 559 2711 igni
583 2631 752 2711 perpetuo.
796 2625 993 2710 Vocatoque
1016 2624 1082 2690 cito
1106 2623 1235 2690 inferno
1258 2624 1307 2692 ait
1328 2624 1377 2690 illi

178 2730 399 2814 praecipiens:
422 2732 518 2798 Tolle
539 2732 628 2797 huno
650 2731 828 2815 pessimum
851 2753 890 2797 ac
912 2728 1158 2814 nequissimum,
1181 2735 1215 2795 et
1237 2731 1297 2795 sub
1320 2734 1379 2796 tua

178 2833 298 2900 habeto
324 2837 602 2922 custodiensque
625 2838 659 2903 in
675 2837 761 2903 diem
784 2836 959 2921 illumque
984 2835 1044 2901 tibi
1067 2856 1275 2921 praecepero.
1311 2836 1377 2922 Qui

180 2945 315 3023 accepto
344 2939 461 3007 eodem
489 2941 549 3007 sub
577 2941 716 3027 pedibus
746 2939 872 3008 domini
901 2939 1069 3007 demersus
1096 2945 1148 3006 est
1175 2963 1247 3007 cum
1276 2963 1314 3007 eo
1343 2939 1377 3005 in

180 3045 379 3129 profundum
402 3046 523 3132 abyssi.

586 3185 704 3268 anur
726 3185 792 3252 IX„
829 3183 970 3272 (XXV.)

269 3315 390 3381 lTunc
418 3315 571 3414 dominus
595 3315 691 3382 Iesus
721 3316 865 3382 salvator
894 3315 1052 3400 omnium,
1078 3316 1154 3400 pius
1183 3321 1216 3381 et
1242 3316 1377 3381 mitissi-

179 3531 264 3594 illum)
284 3532 399 3582 liotore
418 3568 447 3581 ..
468 3546 484 3583 Β
502 3533 550 3582 inl.
570 3550 596 3581 ee
614 3533 724 3582 illudere
739 3531 743 3593 Ι
759 3533 797 3583 El
813 3534 906 3584 ilerum
925 3568 954 3584 ..
974 3547 989 3586 c
1007 3537 1111 3583 Interea
1125 3532 1130 3595 Ι
1145 3535 1214 3583 intere
1232 3549 1290 3583 cum
1309 3546 1326 3583 Β
1346 3569 1376 3583 ..

179 3629 214 3668 ΑΒ
232 3632 273 3665 om
299 3618 303 3681 Ι
328 3622 489 3682 Interropeo.
510 3645 519 3654 -
537 3620 649 3668 direntes
673 3621 701 3681 (Α
720 3620 774 3669 edd
796 3636 847 3684 per
869 3619 965 3682 omerio)
985 3657 1013 3671 ..
1035 3635 1050 3672 c
1074 3621 1267 3684 Responderunt
1289 3625 1377 3670 irenre-

179 3707 257 3757 lncnrli
276 3707 358 3757 Solon
377 3711 400 3755 el
419 3707 518 3770 inferne
537 3701 541 3771 Ι
561 3696 778 3757 Dona⁴oirlolum
798 3743 828 3758 ..
848 3720 865 3758 Β
884 3708 958 3758 Dour.
977 3713 1063 3758 nomer

267 3794 342 3842 Vlll.
381 3794 422 3842 Cf.
444 3810 537 3858 grneee
558 3794 588 3853 V,
606 3797 630 3844 3.
650 3795 695 3851 Vl,
715 3798 745 3854 23
765 3796 829 3844 item
848 3792 1057 3846 lntineAVll.
1089 3799 1376 3846 ucelreroeetreel.

170 3883 259 3946 ferrei
277 3880 308 3943 (Β
325 3898 425 3938 ·rreoe,·
446 3883 509 3931 item
528 3897 544 3933 Λ
564 3885 645 3945 atque
665 3884 744 3932 etiem
765 3881 925 3947 confractae)
944 3885 1090 3932 convenienti
1108 3884 1136 3942 (Β
1154 3882 1218 3945 tae)
1236 3886 1294 3932 eant
1313 3882 1317 3946 Ι
1339 3901 1378 3932 re-

179 3970 272 4015 rnoneit
297 3968 323 4014 iu
346 3967 454 4014 mediam
473 3972 516 4016 etc
542 4002 547 4014 .
570 4002 576 4014 .
602 3980 617 4017 c
639 3968 724 4016 stola!
742 3969 769 4014 in
788 3969 868 4017 medio
888 3970 1007 4031 consuere
1030 3965 1034 4026 Ι
1059 3967 1151 4031 eeinlr'q.
1170 3984 1247 4031 eorrip.
1266 3969 1293 4014 in
1317 3968 1378 4032 peel.

180 4069 237 4101 cum
257 4066 286 4111 c;
305 4067 321 4103 Α
341 4053 433 4115 ronlr'p.
454 4054 613 4117 compedibus
632 4090 661 4102 ..
683 4066 699 4103 Β
718 4070 759 4102 om
776 4053 780 4115 Ι
796 4054 889 4103 err-elei
907 4054 1011 4103 hortinis
1030 4055 1057 4115 (n
1077 4054 1135 4103 leem.
1154 4054 1378 4116 ereellents'ese'mr'),

178 4152 258 4185 arrone.
278 4152 329 4184 erra.
350 4141 375 4184 et
392 4138 457 4183 lum.
479 4152 536 4185 omn
555 4150 590 4187 ΛΒ
611 4171 639 4185 ..
661 4154 676 4187 r
694 4138 938 4196 exemerentur,
961 4155 1066 4201 erinperto
1083 4143 1108 4186 et
1125 4143 1269 4187 orrenenelne
1291 4135 1295 4194 l
1320 4138 1377 4188 Sar.

179 4235 234 4266 cerm
253 4218 320 4268 collo
346 4218 425 4283 lipeo.
445 4236 503 4268 euin
523 4234 539 4270 Α
559 4232 624 4270 ..Β
644 4221 699 4268 Sol.
719 4221 858 4285 conlipanit
877 4257 907 4270 ..
928 4234 944 4271 c
964 4222 1079 4270 Satanae
1102 4238 1156 4269 eom
1178 4221 1256 4286 lipoo.
1274 4223 1378 4270 cerulei·

178 4305 223 4354 bre
237 4304 242 4367 Ι
258 4319 273 4356 c
291 4307 448 4368 demolitores,
468 4311 496 4356 et
514 4322 555 4355 our
575 4308 602 4354 in
619 4305 702 4370 lert}
723 4320 740 4357 Β
758 4323 800 4356 oin
821 4324 870 4371 per
888 4287 953 4357 olan
972 4307 1040 4369 scal
1061 4307 1203 4372 Vocatoque
1220 4311 1264 4356 eil.
1282 4308 1331 4373 e'ns·
1350 4305 1378 4370 (Α

185 4389 341 4456 Vocatumque
359 4392 435 4440 cilius
453 4390 579 4456 infernae)
598 4417 607 4426 ·
623 4392 738 4454 prescrip.
758 4392 786 4454 (n
799 4409 840 4440 om
857 4391 985 4456 proeer'p.)
1008 4391 1080 4440 Tolle
1098 4407 1155 4441 cuin
1172 4405 1206 4442 nn
1225 4427 1254 4442 ..
1274 4406 1290 4443 c
1311 4392 1379 4441 Illac

180 4479 270 4529 uocari
279 4479 349 4542 fecii
368 4479 484 4542 instruor.
514 4480 551 4527 At
569 4477 614 4527 ille
632 4479 807 4527 tremebundae
824 4480 948 4543 eppenruit
958 4479 1161 4543 deliciosissime,
1180 4484 1240 4543 oreta
1253 4480 1378 4528 Christum

179 4585 230 4620 non
248 4568 357 4618 audebat
376 4568 510 4632 respicere.
542 4567 610 4616 Ilrnc
627 4568 694 4617 eliel!
713 4568 756 4617 illi
768 4568 917 4628 Maledicte,
935 4569 1061 4626 destinate,
1081 4567 1143 4617 tolle
1157 4565 1162 4632 1
1178 4579 1194 4617 Β
1206 4568 1233 4616 in
1247 4568 1377 4634 prrffnnelo

180 4656 287 4714 tortori,
305 4667 320 4708 c
338 4655 365 4703 in
379 4655 512 4720 prosremlo
530 4658 633 4704 tortora
1038 4667 1046 4680 ·

267 4746 316 4803 lx,
342 4748 365 4796 l·
402 4743 443 4794 Cf.
470 4741 592 4802 evm,
614 4747 637 4795 l.
678 4745 746 4794 Tune
763 4745 829 4795 elenu.
859 4745 891 4807 (u
911 4763 952 4795 υιιι
979 4744 1006 4794 T.
1026 4740 1083 4806 do.)
1110 4745 1158 4792 les.
1183 4742 1216 4806 (Β
1234 4742 1286 4792 nrlrl
1308 4760 1376 4802 cero,
