3458 5640
300 621 413 666 xmv
760 603 1033 655 Pnouneouaul.

300 753 422 819 litteris
446 751 675 836 consignatum
697 753 871 835 reliquisse
886 752 1041 816 dicuntur
1062 753 1096 815 in
1118 752 1320 818 bibliotheca
1333 753 1495 821 Hieroso-

300 865 508 951 lymitana1).

387 975 495 1062 Quam
517 975 559 1041 ad
581 976 813 1060 antiquitatem
834 975 916 1040 haec
936 975 1078 1040 historia
1099 974 1234 1059 Iosepbi
1255 977 1340 1042 iabri
1362 977 1495 1062 lignarii

301 1088 475 1156 referenda
497 1090 554 1171 sit,
581 1088 770 1154 accuratius
792 1086 919 1152 deliniri
942 1089 1068 1170 poterit
1088 1088 1146 1153 ubi
1168 1088 1208 1154 de
1230 1095 1378 1172 tempore
1400 1091 1493 1155 insti-

301 1206 392 1267 tutae
414 1201 591 1267 memoriae
605 1199 742 1283 Iosephi
763 1198 868 1264 festae
892 1205 1097 1282 compertum
1119 1199 1227 1267 suerit.
1270 1199 1401 1266 Rursus
1417 1223 1493 1268 vero

299 1312 376 1380 inde
399 1313 486 1397 quod
513 1311 643 1378 libellus
671 1317 785 1377 noster
813 1311 954 1394 coptice‚
986 1310 1174 1395 etquidem
1202 1313 1237 1377 in
1265 1320 1405 1398 utraque
1429 1313 1495 1379 dia-

194 1415 196 1418 *
298 1424 385 1490 lecto
410 1431 444 1489 et
465 1423 678 1506 memphitica
699 1428 732 1487 et
754 1421 916 1503 sahidica,
938 1422 1081 1506 scriptus
1104 1425 1277 1506 reperitur,
1300 1426 1495 1491 concluden-

300 1534 376 1600 dum
399 1541 450 1601 est
471 1534 513 1601 ad
536 1555 688 1618 magnam
711 1532 782 1600 eins
805 1533 950 1597 instituti
974 1535 1215 1618 antiquitatem.
1260 1534 1401 1603 Saeculo
1425 1537 1493 1604 fere

300 1654 419 1732 quarto
449 1648 477 1712 si
500 1644 644 1730 Coptum
671 1651 840 1711 auctorem
868 1646 1037 1728 scripsisse
1065 1646 1218 1732 dicimus,
1246 1649 1329 1714 nihil
1357 1650 1392 1715 in
1420 1650 1493 1733 ipso

223 1795 227 1802 ·
298 1759 385 1829 libro
409 1760 440 1827 ei
463 1759 648 1826 sententiae
670 1759 874 1824 contrarium
895 1758 1099 1825 habebimus.
1137 1759 1299 1828 Convenit
1315 1764 1401 1828 enim
1417 1764 1493 1828 sim-

299 1874 433 1958 plicitas
456 1893 522 1956 qua
547 1892 601 1938 res
624 1892 665 1937 ex
687 1871 854 1956 evangelio
877 1869 992 1937 Iacobi
1015 1873 1139 1956 petitae
1161 1894 1222 1957 per
1243 1875 1356 1958 priora
1377 1896 1493 1941 novem

301 1986 412 2068 capita
428 1989 628 2050 narrantur.
672 1981 759 2048 Item
789 2004 843 2048 res
872 2004 955 2066 quae
983 1982 1165 2067 Iosephum
1197 2007 1309 2051 senem
1336 1993 1495 2071 spectant,

301 2116 385 2179 quae
411 2101 551 2159 mortem
578 2099 612 2159 et
638 2094 822 2158 animarum
852 2094 981 2175 piarum
1013 2099 1149 2175 statum,
1179 2117 1264 2178 quae
1295 2096 1430 2179 angelos
1462 2105 1495 2161 ot

300 2207 408 2271 coelos
431 2204 630 2287 similiaque,
651 2209 691 2267 ut
711 2202 793 2268 nihil
815 2203 964 2269 novellae
986 2205 1235 2286 superstitionis
1257 2205 1419 2288 produnt,
1447 2209 1495 2271 ita

300 2315 503 2381 concordant
532 2314 675 2379 maxime
704 2334 777 2378 cum
806 2314 847 2377 iis
869 2312 1070 2378 Iudaeorum
1100 2313 1139 2380 de
1166 2314 1218 2379 his
1246 2315 1344 2380 rebus
1368 2317 1494 2399 opinio·

299 2427 396 2491 nibus
425 2446 510 2510 quae
537 2425 653 2509 primis
681 2424 820 2491 saeculis
848 2446 868 2490 a
891 2423 1089 2491 Christianis
1118 2426 1218 2492 stiam
1245 2426 1414 2510 plerisque
1444 2448 1493 2490 re·

299 2543 415 2622 ceptae
443 2541 529 2602 sunt.
573 2534 731 2619 Inprimis
759 2535 903 2602 notabile
932 2543 982 2602 est
1010 2536 1194 2602 convivium
1217 2537 1306 2603 mille
1329 2559 1492 2603 annorum

299 2651 408 2734 capite
434 2651 739 2730 rememoratum,
768 2647 856 2730 quod
884 2654 960 2731 post
987 2648 1153 2713 saeculum
1180 2650 1318 2714 tertium
1344 2651 1399 2714 vix
1427 2672 1493 2741 am·

297 2761 384 2844 plius
415 2761 478 2825 nisi
510 2759 598 2842 apud
627 2759 814 2838 haereticos
842 2761 1073 2824 auctoritatem
1101 2759 1265 2842 habebat;
1295 2763 1376 2826 item
1405 2760 1492 2845 quod

298 2873 407 2956 capite
435 2875 463 2938 5.
495 2891 583 2937 mors
613 2871 741 2936 instare
772 2870 893 2936 dicitur
919 2870 1048 2937 Mariae
1079 2872 1213 2957 virgini,
1245 2894 1344 2956 quam
1376 2873 1492 2956 quinto

297 2985 364 3051 iam
386 2984 519 3051 saeculo
542 2985 577 3048 in
600 2983 725 3049 coelum
749 2989 928 3049 assumtam
951 3004 1022 3049 esse
1043 2983 1217 3067 permultis
1238 2985 1398 3069 placebat.

383 3097 505 3163 Restat
527 3103 564 3162 ut
580 3096 619 3163 de
643 3095 787 3161 editione
809 3102 924 3163 nostra
944 3097 1152 3182 explicemus,
1176 3119 1275 3181 quam
1291 3098 1333 3163 ab
1351 3097 1494 3164 editione

297 3211 447 3294 principe
468 3209 610 3276 Wallini
632 3209 783 3293 inprimis
804 3208 956 3294 pendere,
980 3211 1047 3275 iam
1069 3231 1170 3294 supra
1193 3210 1412 3294 significatum
1435 3217 1494 3276 est.

299 3320 502 3407 Georgius
525 3323 617 3388 enim
634 3320 853 3405 Wallinus,
880 3323 1014 3388 natione
1038 3320 1173 3406 SueouS,
1196 3344 1236 3388 ex
1260 3322 1328 3387 cod.
1349 3345 1407 3388 ms.
1429 3324 1493 3388 Pa-

297 3435 430 3499 risiensi
453 3434 587 3499 arabice
610 3433 722 3516 edidit,
745 3432 858 3498 addita
872 3434 1021 3498 versione
1035 3432 1142 3498 latina
1157 3441 1190 3498 et
1205 3455 1326 3517 magna
1340 3440 1493 3498 notarum

299 3546 407 3627 copia,
438 3564 525 3608 anno
557 3543 686 3623 17222).
740 3541 893 3607 Codicem
924 3563 998 3606 eum
1029 3542 1198 3607 arabicum
1229 3544 1263 3607 in
1292 3542 1495 3608 bibliotheca

298 3654 407 3738 Regis
430 3660 578 3720 notatum
602 3652 682 3717 dicit
705 3650 869 3717 Wallinus
893 3672 1028 3717 numero
1052 3651 1366 3734 CCCCXXXIP).
1410 3653 1493 3721 Ver-

385 3828 408 3893 l)
427 3831 463 3880 llt
481 3831 507 3880 b.
523 3831 541 3879 l.
559 3833 588 3880 ot
606 3831 634 3879 in
652 3830 686 3878 iis
705 3844 772 3893 quse
790 3834 939 3893 sequuntur
956 3831 1033 3894 plura
1051 3829 1273 3879 conformavimus
1294 3830 1327 3878 od
1346 3829 1359 3892 ξ
1380 3831 1420 3880 14.
1439 3829 1492 3879 dis-

299 3919 456 3969 sertationis
476 3920 583 3967 nostrae
602 3915 746 3981 lingonen
771 3916 806 3967 of.
825 3932 885 3981 pag.
898 3916 932 3966 ⁶2
950 3931 1009 3981 sqq.

384 4002 408 4069 ²)
427 4004 502 4055 Libri
520 4005 618 4054 titulus
637 4004 681 4053 hic
701 4010 756 4054 est:
778 4003 899 4054 Historia
918 4003 1026 4069 losephi
1045 4003 1115 4054 febri
1133 4004 1250 4068 lignarii.
1286 4004 1367 4053 hiber
1385 4019 1494 4069 apocry-

299 4090 369 4155 phus
393 4105 423 4140 ex
448 4089 540 4139 codice
562 4091 744 4151 manuscripto
770 4089 868 4153 Regiae
895 4088 1076 4138 bibliothecae
1100 4087 1258 4138 Porisien'cis
1286 4103 1357 4137 nurse
1382 4089 1493 4151 primum

299 4173 405 4223 arabice
424 4173 512 4223 editus
532 4186 581 4222 noc
600 4188 654 4220 nou
673 4173 795 4222 versione
812 4165 899 4221 latina
918 4178 946 4221 et
964 4173 1037 4221 notis
1055 4172 1207 4221 illustratus
1226 4171 1396 4235 oGoorgio
1410 4171 1493 4220 Wal-

299 4260 362 4319 lln,
386 4258 479 4309 Sneco.
516 4259 631 4321 Lipsiae,
650 4255 833 4306 Muccxxll.

386 4341 407 4408 ³)
427 4345 525 4394 Docuit
543 4344 622 4393 'Philo
641 4358 672 4393 ex
691 4343 766 4392 Actis
785 4341 943 4391 Sanctorum
962 4342 1013 4390 ism
1032 4341 1156 4390 ducentis
1175 4341 1253 4389 annis
1271 4346 1336 4389 ante
1349 4339 1494 4390 Wallinum

300 4430 407 4481 tabulae
427 4434 534 4480 nostroe
554 4431 679 4479 notitiem
699 4428 804 4480 dedisse
823 4428 990 4478 Isidorum
1009 4427 1048 4477 ds
1067 4426 1227 4477 Isolsnia
1263 4426 1348 4475 Locus
1367 4425 1493 4476 Actorum

300 4516 326 4568 d.
339 4515 408 4567 m.
417 4514 510 4566 Martii
528 4519 592 4566 tom.
605 4514 656 4564 111.
675 4532 702 4580 p·
713 4515 737 4566 7.
757 4516 795 4565 sio
814 4515 909 4565 babet:
928 4512 1092 4564 Kelenderis
1110 4513 1215 4577 coptico
1234 4510 1494 4563 sdxx.diem1u1ii

300 4603 400 4654 festum
419 4602 529 4667 losephi
546 4604 681 4661 referunt,
705 4606 734 4652 st
752 4602 780 4651 in
799 4616 829 4652 ao
848 4601 953 4667 quidem
973 4601 1043 4666 qnod
1062 4600 1132 4665 apud
1152 4598 1296 4650 seldenum
1315 4604 1356 4649 ast
1374 4599 1444 4648 libro
1463 4598 1496 4650 de

301 4690 439 4757 synedriic
457 4691 637 4742 Hebraeorum
657 4690 808 4776 edaslcem
828 4704 979 4754 expressum
998 4687 1108 4739 additor
1126 4687 1194 4738 fabri
1215 4687 1331 4752 lignarii.
1368 4686 1496 4736 Testatur
