3458 5640
264 610 327 674 196
425 606 656 660 avuncunlum
675 603 866 656 turturum
884 600 1075 652 cadaloum
1106 601 1187 653 XXX.
1206 602 1301 653 xxxl.

263 767 299 827 et
320 757 492 844 quomodo
520 757 556 821 in
580 760 723 839 puteum
749 751 847 817 illum
869 750 1121 831 deturbaverit;
1146 749 1222 815 fieri
1247 773 1316 817 non
1341 760 1461 835 potest

263 864 348 949 quin
371 882 449 928 eum
470 856 658 942 aliquando
681 854 815 940 perdat.
847 854 948 920 Dixit
965 854 1018 919 illi
1040 854 1125 920 hera
1144 852 1272 920 Maria:
1304 853 1402 921 Deus
1424 863 1459 922 te

263 968 306 1034 ab
328 968 397 1032 ista
415 960 618 1029 vindicabit.
653 958 793 1031 Deinde
816 980 893 1025 cum
914 979 1039 1043 aquam
1058 957 1228 1023 haustura
1248 956 1291 1023 ad
1313 963 1460 1042 puteum

263 1069 400 1137 aemula
415 1067 660 1153 processisset,
683 1064 832 1150 pedibus
851 1062 935 1129 fune
952 1061 1139 1147 implicatis
1155 1063 1192 1126 in
1207 1068 1351 1146 puteum
1368 1063 1461 1131 deci-

265 1174 327 1240 dit.
350 1173 535 1244 Venerunt
550 1169 690 1255 quidem
706 1169 864 1235 homines
881 1174 921 1233 ut
935 1189 1011 1234 cam
1027 1167 1258 1252 extraherent,
1276 1167 1337 1235 sed
1354 1174 1462 1252 caput

263 1278 338 1343 cius
356 1282 540 1342 contusum
557 1280 592 1339 st
608 1294 688 1340 ossa
704 1272 816 1338 fracta
831 1273 1049 1337 invenerunt.
1075 1269 1134 1338 Sic
1149 1271 1241 1337 mala
1257 1278 1366 1339 morte
1383 1292 1460 1356 per·

263 1380 321 1460 iit,
345 1385 380 1444 et
396 1383 556 1444 eventum
578 1375 614 1441 in
632 1395 673 1441 ea
688 1374 812 1440 habuit
827 1374 958 1440 dictum
974 1373 1078 1441 illud:
1102 1371 1187 1441 Alte
1203 1381 1347 1459 puteum
1364 1371 1461 1439 fode·

263 1488 355 1564 runt,
373 1481 435 1549 sed
452 1478 656 1547 ceciderunt
671 1479 707 1544 in
722 1477 856 1545 foveam
875 1498 977 1562 quam
993 1484 1209 1562 paraverant.

728 1701 848 1772 Oscor
872 1703 998 1772 XXX.

352 1879 438 1948 Alia
456 1879 531 1946 illio
553 1878 678 1945 mulier
699 1879 855 1965 geminos
878 1879 1029 1947 habebat
1050 1881 1141 1948 filios
1165 1881 1282 1967 quiin
1304 1879 1462 1946 morbum

265 1985 478 2065 inciderant,
505 1982 742 2067 defunctoque
767 1983 878 2048 altero
904 1984 993 2050 alter
1017 1987 1167 2050 animam
1191 1983 1330 2067 agebat:
1359 2002 1463 2066 quom

267 2080 443 2153 sublatum
463 2090 574 2150 mater
595 2085 682 2151 flens
707 2084 751 2151 ad
768 2084 941 2165 dominam
963 2086 1080 2152 beram
1096 2086 1245 2150 Mariam
1267 2084 1395 2150 detulit
1417 2089 1462 2165 ct,

267 2186 296 2254 Ο
315 2188 456 2253 domina
472 2206 558 2267 moa,
578 2187 704 2270 inquit,
725 2208 825 2271 opem
841 2187 925 2252 mihi
941 2186 996 2253 fer
1011 2194 1047 2252 st
1062 2207 1237 2254 succurre.
1268 2185 1359 2251 Nam
1375 2184 1463 2249 duos

265 2288 373 2356 habui
394 2288 500 2369 filios,
523 2308 670 2371 quorum
692 2289 839 2355 alterum
855 2290 957 2356 modo
974 2290 1134 2373 sepelivi,
1157 2289 1248 2354 alter
1261 2309 1342 2353 varo
1359 2287 1463 2353 morti

265 2392 484 2476 propinquus
501 2396 564 2455 est.
587 2390 679 2457 Vide
696 2392 868 2475 quomodo
880 2391 982 2458 deum
998 2398 1164 2476 rogatura
1180 2397 1216 2457 et
1231 2397 1372 2456 oratura
1387 2391 1463 2454 sim.

268 2493 464 2578 Ooepitque
482 2492 614 2559 dicere:
647 2491 850 2580 Odcmins,
871 2502 909 2561 tu
931 2517 968 2562 es
986 2496 1137 2563 clemens
1158 2501 1194 2562 et
1209 2495 1406 2561 misericors
1429 2498 1465 2559 st

266 2599 359 2683 pius:
378 2597 465 2663 duos
481 2597 566 2664 mibi
578 2597 708 2664 dedisti
724 2597 825 2681 filios,
844 2621 990 2684 quorum
1006 2600 1154 2666 alterum
1171 2620 1248 2666 cum
1264 2596 1464 2679 abstuleris,

266 2701 360 2767 hunc
376 2699 500 2767 saltem
519 2701 603 2768 milri
620 2701 792 2787 relinque.
815 2701 942 2787 Itaque
959 2701 1043 2770 hera
1052 2703 1167 2770 Maria
1181 2703 1350 2769 fervorem
1360 2699 1464 2767 fietus

268 2806 343 2871 eius
358 2804 578 2888 conspiciens
593 2805 737 2870 miserta
753 2812 808 2871 est
824 2807 898 2871 eius
917 2811 961 2889 et,
977 2805 1086 2890 Pons,
1103 2806 1229 2891 inquit,
1247 2805 1356 2871 filium
1367 2811 1466 2871 tuum

268 2906 419 2975 inlecto
442 2907 505 2973 filii
527 2909 594 2975 mei
621 2910 767 2995 eiusque
788 2909 944 2976 vestibus
970 2911 1083 2994 ipsum
1106 2916 1262 2994 contege.
1309 2906 1467 2994 Cumque

268 3011 448 3097 posuisset
464 3032 541 3077 eum
558 3012 702 3080 inlecto
724 3013 760 3078 in
778 3034 845 3098 quo
864 3010 1025 3080 Christus
1042 3014 1195 3096 iacebat,
1219 3015 1287 3079 iam
1301 3034 1381 3079 vero
1398 3013 1469 3077 rita

271 3115 458 3181 defunctus
476 3115 596 3181 oculos
618 3116 805 3199 clauserat,
829 3117 1054 3201 simulatque
1072 3118 1158 3184 odor
1173 3119 1320 3183 vestium
1337 3117 1469 3182 domini

270 3220 353 3286 Iesu
372 3216 504 3284 Christi
520 3218 619 3284 illum
635 3240 781 3303 puerum
799 3221 957 3305 contigit,
981 3221 1101 3286 oculos
1118 3222 1257 3306 aparuit
1274 3240 1468 3304 magnaque

269 3343 352 3389 voce
378 3327 521 3388 matrem
546 3323 738 3388 inclamans
764 3344 889 3407 panem
913 3326 1076 3408 poposcit
1100 3332 1135 3392 et
1159 3331 1339 3408 acceptum
1366 3325 1469 3389 suxit.

271 3426 370 3491 Tunc
389 3431 500 3490 mater
515 3426 605 3507 eius,
629 3423 658 3491 Ο
679 3426 819 3491 domina
833 3426 961 3509 Maria,
983 3429 1113 3510 inquit,
1135 3449 1226 3492 nunc
1245 3429 1389 3511 cognovi
1406 3428 1470 3490 vir·

272 3534 382 3593 tutam
404 3527 460 3592 dei
485 3527 521 3592 in
546 3533 580 3592 te
601 3527 772 3611 habitare,
799 3529 885 3594 adeo
913 3536 952 3594 ut
972 3530 1065 3594 filius
1088 3538 1168 3594 tuus
1191 3536 1292 3595 sanet
1312 3530 1469 3594 homines

273 3629 430 3697 eiusdem
453 3650 528 3696 cum
556 3630 631 3715 ipso
654 3636 797 3697 naturae
821 3632 1025 3716 participes,
1051 3638 1234 3717 postquam
1257 3639 1370 3699 vestes
1393 3633 1469 3697 eius

274 3734 467 3820 attigerint.
498 3733 570 3799 Hic
590 3755 678 3819 puer
699 3740 841 3801 sanetus
863 3737 893 3801 is
915 3736 1044 3820 estqui
1066 3736 1101 3801 in
1125 3737 1304 3820 cvangelio
1321 3735 1470 3802 Bartho-

274 3838 429 3904 lomaeus
445 3842 597 3903 vocatur.

725 4007 845 4075 (larun
868 4009 1013 4075 XXXI.

360 4178 447 4243 Erat
477 4199 579 4261 porro
611 4178 661 4243 ibi
691 4178 818 4244 mulier
841 4179 992 4263 leprosa,
1026 4202 1114 4263 quac
1146 4181 1268 4246 odiens
1295 4182 1468 4245 dominam

274 4279 393 4344 heram
408 4278 556 4344 Mariam
576 4284 719 4344 matrem
736 4279 819 4345 Iesu
840 4280 941 4345 dixit:
976 4280 1128 4345 Domina
1150 4302 1239 4363 mea,
1263 4303 1362 4365 opem
1384 4282 1469 4347 milri

345 4489 406 4537 Alte
415 4490 662 4554 pnlsumfodcrunt:
674 4491 714 4540 ita
726 4487 768 4541 ΡΙ.
781 4504 828 4554 pro
842 4491 1080 4557 Puteumsodmnt
1091 4496 1116 4541 et
1128 4493 1181 4546 alte
1192 4493 1290 4542 humum
1302 4496 1447 4557 acesserunt

344 4574 422 4625 XXX.
440 4576 492 4624 iam
504 4577 650 4625 cumcito
660 4576 795 4642 desiccetur
806 4576 892 4627 oculas
904 4577 1049 4627 clauserat:
1062 4580 1100 4629 ita
1113 4580 1152 4630 m.
1165 4596 1211 4644 pro
1224 4581 1296 4630 modo
1309 4583 1392 4628 cutem
1404 4578 1473 4628 oculi

274 4661 329 4711 eius
347 4661 374 4710 in
394 4665 524 4711 aeternam
539 4665 635 4712 nomem
653 4661 845 4714 claudebantur.
891 4661 948 4723 Quo
966 4665 1026 4715 loco
1049 4666 1130 4716 etlam
1148 4666 1261 4717 Arabica
1278 4667 1359 4719 verba
1383 4681 1472 4716 smen-

276 4747 351 4799 (lavit
363 4748 403 4798 ul.
