3458 5640
298 570 360 634 194
434 569 664 622 avuncunlum
684 569 874 621 luseramus
892 569 1082 622 enimcum,
1108 571 1216 624 xxvn.
1233 571 1356 624 xxviii.

297 721 438 802 ruitque
463 718 517 782 illi
542 717 686 801 angelus
712 718 769 782 dei
795 724 831 782 et
850 717 952 782 dixit:
985 715 1014 783 Ο
1039 716 1204 802 Iosephe,
1230 718 1288 785 abi
1312 719 1349 786 in
1371 718 1493 784 urbem

296 819 473 888 Nazareth
490 826 595 903 atque
611 820 661 885 ibi
678 820 840 886 subsiste.

383 921 511 989 Mirum
528 940 611 987 sane
629 922 758 1005 gestari
775 921 826 987 sic
845 928 881 988 et
896 920 1112 994 circumferri
1127 943 1191 1006 per
1208 923 1369 1007 regiones
1387 922 1494 991 domi-

298 1047 380 1093 num
396 1025 587 1110 regionum.

754 1207 875 1276 citur
899 1192 1072 1282 xxvuq

382 1381 538 1466 Ingressi
555 1380 682 1446 deinde
699 1379 820 1446 urbem
829 1381 1097 1447 Bethlehemum
1110 1381 1273 1448 viderunt
1287 1384 1337 1449 ibi
1352 1386 1492 1451 morbos

296 1487 424 1552 multos
442 1490 617 1567 etgraves,
635 1482 755 1548 oculos
772 1482 944 1549 infantum
964 1483 1185 1566 infestantes,
1202 1486 1261 1569 qni
1278 1484 1359 1551 inde
1370 1489 1493 1552 morie·

296 1589 434 1655 bantur.
480 1583 617 1653 Aderat
642 1584 692 1650 ibi
716 1585 843 1652 mulier
867 1592 1046 1670 aegrotum
1073 1586 1207 1652 babens
1232 1587 1356 1671 filium,
1388 1610 1491 1672 quem

296 1694 399 1760 morti
420 1692 488 1759 iam
509 1689 744 1776 propinquum
769 1687 813 1755 ad
835 1688 1008 1756 dominam
1028 1689 1147 1756 heram
1168 1689 1316 1758 Mariam
1336 1690 1491 1777 adduxit,

297 1817 387 1884 quae
422 1795 519 1863 illam
551 1794 733 1879 conspexit
761 1792 879 1861 Iesum
905 1791 1082 1861 Christum
1112 1795 1241 1862 lavans.
1285 1794 1373 1862 Tum
1404 1795 1493 1862 dixit
1543 1817 1545 1821 ’

295 1901 423 1968 mulier
437 1900 513 1967 illa:
545 1895 575 1967 O
593 1898 734 1965 domina
748 1919 825 1966 mea
839 1897 962 1982 Maria,
985 1899 1126 1984 adspice
1144 1900 1253 1966 filium
1269 1900 1362 1967 bunc
1377 1922 1491 1967 meum

297 2007 357 2090 qui
386 2005 480 2090 gravi
506 2003 625 2070 dolore
650 2002 796 2070 laborat.
850 2002 897 2069 Et
921 2002 1232 2100 exaudieuslillam
1257 2005 1342 2071 bera
1365 2004 1489 2087 Maria,

297 2106 402 2193 Oepe,
418 2107 545 2193 inquit,
562 2105 779 2191 aliquantum
795 2106 897 2171 istius
914 2126 1024 2190 aquae
1042 2127 1111 2190 qua
1125 2107 1235 2172 filium
1252 2128 1365 2173 meum
1382 2107 1490 2192 ablui,

296 2232 407 2297 eaque
425 2209 525 2276 illum
541 2229 742 2298 consperge.
765 2206 956 2294 Accipiens
974 2230 1055 2296 ergo
1072 2210 1135 2277 illa
1149 2211 1345 2295 paullulum
1362 2211 1405 2277 de
1422 2212 1492 2278 ista

295 2336 396 2401 aqua,
413 2321 519 2400 prout
535 2313 670 2394 dixerat
685 2314 770 2380 beru
784 2312 907 2397 Maria,
927 2312 1037 2380 filium
1053 2335 1153 2380 suum
1173 2335 1214 2381 ea
1228 2313 1401 2400 perfudit,
1422 2335 1490 2399 quo

299 2420 391 2485 sacto
417 2417 521 2484 huius
548 2419 692 2502 agitatio
719 2417 868 2500 remisit,
900 2424 935 2483 et
959 2438 1035 2484 oum
1059 2417 1255 2503 paullulum
1280 2417 1491 2501 dormiisset,

296 2523 410 2588 salvus
430 2528 554 2606 postea
575 2528 610 2587 et
630 2541 735 2587 sanus
758 2541 798 2586 ex
820 2541 939 2587 somno
962 2526 1185 2606 experrectus
1206 2526 1270 2587 est.
1310 2520 1427 2588 Mater
1447 2521 1491 2588 de

292 2625 360 2692 hoo
383 2623 539 2710 gaudens
564 2646 685 2691 rursus
711 2645 789 2690 enm
813 2622 857 2690 ad
881 2623 998 2691 heram
1022 2623 1170 2690 Mariam
1195 2621 1353 2709 adduxit,
1389 2625 1490 2691 Haeo

292 2746 372 2793 vero
389 2728 421 2792 ei
433 2725 533 2791 dixit:
560 2723 700 2793 Gratias
717 2745 781 2809 age
793 2725 868 2808 deo,
886 2725 979 2808 quod
995 2725 1105 2791 filium
1120 2725 1213 2791 huuc
1229 2733 1327 2793 tuum
1343 2728 1487 2793 sanavit.

728 2978 849 3045 carun
872 2978 1052 3049 XXVIII.

378 3150 467 3216 Erat
491 3149 620 3216 ibidem
645 3150 715 3216 alia
739 3151 879 3234 mulier,
907 3152 1020 3216 vicina
1045 3151 1120 3216 eius
1147 3150 1245 3216 cuius
1268 3149 1361 3216 filius
1386 3150 1488 3218 modo

296 3255 527 3324 convaluerat.
551 3253 667 3321 Huius
684 3254 777 3322 filius
791 3277 867 3321 cum
885 3255 1006 3322 eodem
1016 3255 1135 3322 morbo
1148 3254 1333 3338 laboraret,
1350 3256 1488 3340 iamque

294 3360 367 3428 iere
385 3361 560 3428 excaecati
578 3366 696 3428 essent
712 3361 787 3428 eius
804 3361 907 3446 oculi,
924 3367 1046 3428 noctes
1063 3367 1099 3427 et
1114 3360 1188 3428 dies
1206 3360 1370 3427 eiulabat.
1394 3360 1490 3428 Huic

295 3466 409 3532 sanati
426 3465 571 3531 infantis
588 3467 749 3551 genitrix,
767 3462 893 3549 Quare,
911 3466 1036 3549 inquit,
1054 3486 1123 3531 nou
1135 3464 1250 3531 defers
1268 3463 1376 3529 filium
1392 3470 1490 3530 tuum

295 3568 339 3634 ad
359 3568 478 3634 heram
499 3567 662 3650 Mariam,
689 3568 793 3634 sicuti
819 3589 882 3652 ego
908 3567 1018 3634 filium
1042 3587 1156 3633 meum
1181 3566 1225 3632 ad
1250 3568 1345 3635 illam
1367 3567 1488 3649 detuli,

296 3693 372 3738 cum
388 3672 491 3738 morti
506 3672 723 3755 propinquus
742 3667 857 3737 esset?
878 3673 937 3756 qui
955 3670 1132 3738 convaluit
1146 3690 1237 3753 aqua
1253 3670 1315 3736 illa
1331 3692 1400 3754 qua
1417 3691 1489 3736 cor·

294 3797 360 3861 pus
376 3775 458 3841 Iesu
476 3773 539 3839 filii
557 3775 632 3840 eius
648 3776 804 3840 ablutum
820 3774 945 3841 iuerat.
975 3771 1072 3858 Quae
1091 3795 1167 3840 cum
1184 3794 1225 3839 ex
1242 3794 1283 3839 ea
1298 3774 1490 3840 audivisset

294 3879 422 3945 mulier
436 3879 519 3959 ista,
542 3878 619 3961 ipsa
635 3899 773 3962 quoque
791 3879 888 3961 abiit,
905 3883 1118 3962 acceptaque
1136 3876 1256 3942 eadem
1273 3877 1488 3959 aquatilium

295 4004 395 4050 suum
421 3981 548 4062 abluit,
576 3983 674 4046 ouius
700 3981 871 4065 extemplo
899 4002 1023 4064 corpus
1049 3986 1084 4045 et
1108 3979 1201 4045 oculi
1226 3980 1487 4045 convaluerunt.

294 4084 398 4151 Hauc
423 4104 560 4169 quoque
581 4082 666 4148 bera
685 4083 814 4166 Maria,
843 4104 921 4148 cum
942 4083 1052 4147 filium
1074 4102 1175 4147 suum
1195 4081 1238 4146 ad
1259 4084 1370 4164 ipsam
1392 4082 1490 4147 detu-

295 4186 398 4252 lisset
413 4185 515 4267 eique
532 4186 648 4250 omnia
664 4205 753 4267 quae
771 4189 958 4250 evenerant
973 4184 1179 4267 aperuisset,
1196 4184 1326 4266 gratias
1343 4183 1408 4248 deo
1424 4205 1487 4267 pro

236 4351 241 4364 ,
294 4287 366 4353 filio
389 4287 425 4351 in
444 4286 671 4352 valitudinem
687 4286 850 4351 restituto
873 4304 975 4369 agere
999 4305 1112 4367 neque
1133 4286 1295 4367 cuiquam
1311 4285 1400 4351 hauc
1417 4305 1488 4351 rem

294 4413 435 4457 narrare
453 4392 567 4456 iussit.

362 4637 470 4688 xxvn.
490 4638 620 4704 quosaoto
633 4663 641 4674 -
653 4663 661 4674 -
673 4637 784 4688 remisit:
796 4637 836 4687 ite
848 4636 888 4685 Fi.
907 4632 984 4700 Apud
995 4632 1051 4684 sik.
1065 4638 1094 4686 et
1105 4635 1174 4686 Thil.
1187 4636 1288 4701 legitur
1300 4634 1343 4700 qui
1354 4633 1491 4683 uehementi

293 4726 435 4791 agitatione
447 4724 560 4775 kessler
570 4724 597 4773 iu
608 4738 723 4788 soporem
734 4722 823 4788 lapsu
833 4725 879 4772 esi.
