3458 5640
270 569 333 631 484
660 564 828 618 VINDIC‘I'A
848 563 1072 614 SALVATORIS.

270 720 415 787 duonum
444 718 483 784 de
510 723 721 784 monumento
749 717 936 798 suscitavit3
964 713 1133 780 mulierem
1154 713 1355 784 Veraniaam
1378 734 1464 798 quae

267 822 394 903 ,fluxum
429 821 599 905 sanguinis
635 819 826 904 patiebatur
857 818 1028 885 duodecim
1061 817 1156 883 annis
1189 823 1223 883 et
1252 817 1366 902 tetigit
1396 817 1465 912 firn-

270 927 376 994 briam
402 925 590 992 vestimenti
621 926 692 991 eius
723 947 839 991 sanam
870 923 956 990 feeit
1001 921 1028 962 ³⁰
1054 922 1148 989 Tune
1178 923 1304 1006 placuit
1333 922 1464 989 domino

270 1032 304 1097 in
332 1030 431 1095 coelis
453 1027 542 1114 quod
569 1027 656 1095 filius
679 1028 745 1111 dei,
777 1029 835 1113 qui
860 1030 895 1095 in
922 1029 1009 1094 huno
1034 1025 1191 1092 mundum
1212 1027 1332 1093 missus
1354 1034 1465 1112 proto-

269 1134 397 1219 plastus
424 1139 573 1199 mortuus
599 1134 706 1199 estin
728 1134 841 1215 terris,
867 1135 1016 1201 mitteret
1037 1133 1191 1219 angelum
1214 1154 1321 1217 suum,
1350 1139 1384 1199 et
1405 1133 1465 1199 im-

269 1237 398 1323 peravit
424 1235 501 1304 Tito
534 1243 568 1303 et
589 1236 812 1322 Vespasiano,
844 1258 927 1322 quas
957 1239 1033 1304 novi
1063 1237 1098 1302 in
1128 1236 1200 1304 loon
1231 1238 1295 1302 isto
1326 1237 1383 1302 ubi
1413 1244 1465 1303 est

269 1343 387 1408 solium
416 1347 517 1408 tuum
561 1342 608 1408 Et
639 1342 767 1427 placuit
794 1341 854 1408 deo
886 1343 1104 1424 omnipotenti
1131 1341 1219 1426 quod
1249 1350 1465 1424 perrexerunt

268 1447 303 1513 in
325 1444 487 1512 Iudaeam
509 1452 544 1511 et
564 1444 764 1529 Ierusalem,
793 1453 827 1512 et
854 1445 1143 1530 apprehenderunt
1164 1446 1312 1511 subditos
1334 1451 1409 1510 tuos
1432 1451 1465 1510 et

268 1550 429 1616 miserunt
455 1549 490 1613 in
513 1569 551 1615 eo
573 1547 694 1638 iudicia
718 1550 814 1633 quasi
837 1547 1000 1634 quomodo
1021 1549 1172 1615 fecerunt
1193 1547 1325 1634 quando
1349 1571 1466 1633 appro-

267 1655 453 1723 henderunt
475 1654 598 1721 subditi
620 1655 667 1720 tui
692 1651 804 1720 Iesum
828 1662 862 1721 et
883 1655 1071 1741 ligaverunt
1093 1676 1176 1722 eum.
1221 1653 1247 1695 ³¹
1270 1654 1317 1720 Et
1337 1654 1465 1739 Vespa·

268 1761 385 1827 sianus'
413 1766 529 1846 pastea
558 1759 641 1825 dixit
669 1758 759 1847 Quid
788 1759 948 1827 iaciemus
979 1759 1019 1825 de
1050 1760 1101 1826 his
1132 1761 1190 1845 qui
1221 1760 1464 1826 remanebunt?

267 1864 364 1952 Titus
392 1864 563 1950 respondit
589 1863 839 1950 Suspenderunt
866 1864 915 1930 illi
944 1863 1110 1930 dominum
1138 1871 1285 1930 nostrum
1314 1865 1348 1929 in
1375 1866 1463 1949 ligno

267 1967 364 2041 viridi
396 1975 430 2034 et
458 1967 574 2035 lancea
605 1974 839 2053 percusserunt
870 1989 961 2033 oum:
994 1989 1054 2033 nos
1084 1974 1195 2033 autem
1226 1967 1464 2050 suspendamus

268 2093 323 2138 eos
345 2073 381 2137 in
407 2072 497 2156 ligno
525 2071 619 2137 arido
646 2077 681 2137 et
706 2072 824 2137 lancea
850 2071 1055 2155 perforemus
1083 2092 1224 2154 corpora
1253 2092 1375 2136 eorum.
1418 2073 1464 2136 Et

266 2174 316 2239 ita
346 2175 505 2240 fecerunt.
549 2174 777 2257 Vespasianus
805 2179 917 2239 autem
944 2171 1028 2237 dixit
1055 2171 1144 2257 Quid
1167 2172 1207 2238 de
1233 2173 1307 2237 istis
1331 2175 1387 2257 qui
1415 2195 1464 2238 ro

267 2275 480 2342 manserunt?
524 2275 621 2342 Titus
649 2274 818 2360 respondit
838 2274 1141 2358 Apprehenderunt
1168 2275 1315 2340 tunicam
1340 2275 1461 2341 domini

267 2380 372 2445 nostri
400 2378 479 2462 Iesu
502 2377 626 2446 Christi
655 2385 688 2445 et
717 2378 757 2444 de
783 2378 843 2445 illa
870 2382 1011 2463 quotuor
1038 2384 1152 2462 partes
1179 2378 1345 2445 fecerunt:
1376 2401 1463 2445 nuno

266 2484 550 2570 apprehendamus
586 2484 660 2551 illos
698 2491 732 2551 ot
767 2483 952 2550 dividamus
987 2485 1021 2550 in
1054 2487 1198 2569 quatuor
1232 2490 1363 2571 partes,
1400 2487 1462 2553 tibi

267 2612 377 2675 unam,
405 2591 487 2655 mihi
513 2611 626 2673 unam,
655 2590 697 2657 ad
719 2591 806 2658 viros
833 2597 908 2656 tuos
931 2589 1045 2675 aliam,
1071 2593 1106 2655 et
1126 2591 1238 2674 pueris
1260 2592 1342 2657 meis
1365 2613 1461 2676 quar-

267 2697 334 2758 tam
366 2698 501 2776 partem.
544 2691 591 2758 Et
622 2694 670 2758 ita
700 2693 857 2759 feceruut.
901 2694 947 2758 ut
974 2691 1059 2757 dixit
1079 2690 1308 2776 Vespasianus
1335 2693 1389 2759 De
1420 2697 1461 2760 iis

266 2797 323 2880 qui
349 2803 579 2862 remanserunt
607 2796 687 2881 quid
718 2803 829 2863 autem
856 2795 1039 2864 iaciemus?
1082 2794 1180 2862 Titus
1210 2796 1382 2880 respondit
1411 2798 1460 2866 illi

265 2897 384 2965 Iudaei
411 2897 628 2966 vendiderunt
655 2899 821 2967 dominum
847 2907 997 2981 nostrum
1023 2900 1161 2983 triginta
1188 2901 1370 2986 argenteis:
1401 2924 1461 2968 nos

266 3133 434 3198 paucioribus
453 3133 481 3185 ia
498 3133 672 3184 Ambrosiano
691 3134 884 3199 exprimuntur.
920 3134 1094 3185 umbrosiane
1114 3149 1174 3185 varo
1193 3135 1301 3201 propior
1319 3152 1396 3202 quam
1411 3136 1459 3187 Vo-

267 3224 330 3285 nato
350 3224 391 3270 aet
411 3224 499 3270 textus
519 3222 758 3287 Angloeaxoniaue,
782 3221 828 3286 qui
847 3221 885 3270 sia
905 3221 999 3272 habet:
1025 3223 1109 3288 Atque
1126 3224 1188 3272 daea
1206 3224 1289 3272 amnia
1305 3226 1386 3290 facta
1403 3232 1461 3277 aaut

262 3310 402 3369 propterea
420 3307 485 3370 quad
504 3308 596 3357 Iudaei
617 3306 714 3358 lanceis
734 3312 759 3357 ei
774 3307 891 3374 fuetidue
910 3315 1089 3371 permanerunt
1108 3309 1269 3359 Sataatarem
1289 3310 1415 3361 Oirietnm
1436 3319 1461 3362 et

257 3392 366 3456 saeiiue
382 3393 570 3460 suffocaverunt
585 3400 610 3444 et
628 3395 709 3444 tamen
727 3401 838 3445 ieoetrum
856 3398 1042 3454 eaetinaerunt,
1066 3401 1092 3446 et
1113 3412 1161 3445 nan
1181 3391 1255 3460 paesi
1276 3403 1336 3448 eunt
1353 3404 1381 3450 ut
1400 3415 1460 3463 per-

265 3478 362 3527 veniret
384 3479 432 3526 lua
455 3478 489 3526 ad
512 3494 566 3527 nae.
610 3483 665 3529 Iam
689 3481 769 3544 iqitar
790 3481 861 3530 Titne
884 3485 909 3529 et
931 3480 1101 3545 Vespasianus
1127 3483 1291 3533 tradiderunt
1312 3500 1354 3533 eae
1377 3485 1461 3534 maha

266 3564 342 3612 marti
359 3567 384 3612 et
401 3562 546 3612 oaaiderunt
563 3562 655 3614 multae
673 3565 788 3615 Iudaeae.
827 3566 863 3616 Iit
881 3567 931 3615 dua
947 3566 1042 3632 fideles
1063 3569 1131 3617 eerai
1155 3573 1193 3618 tui
1210 3576 1330 3620 amarent
1348 3571 1379 3620 ad
1398 3572 1458 3620 Ari·

267 3648 370 3705 menta,
388 3650 485 3696 nomine
497 3648 588 3713 Iosepi
599 3655 624 3699 et
637 3650 794 3710 Nicodemue‚
813 3657 837 3701 et
851 3658 983 3715 petierant
995 3654 1141 3705 Saloutaria
1159 3672 1250 3720 aarpue
1267 3661 1293 3705 et
1306 3658 1460 3720 sepelierunt

266 3731 293 3780 in
311 3746 373 3780 nana
391 3730 515 3793 sepulcra.
551 3734 635 3798 Atque
654 3735 718 3784 mem
735 3735 788 3797 ipee
807 3735 929 3786 Salvator
947 3740 1060 3789 surrexit
1081 3741 1160 3790 tertia
1182 3744 1224 3792 die
1246 3759 1263 3791 a
1286 3744 1407 3803 martuie,
1433 3750 1458 3794 et

267 3817 335 3865 aieue
352 3821 389 3865 eet
407 3817 460 3881 ipae
476 3817 610 3883 dieaiputie
626 3823 680 3871 euie
698 3823 724 3869 in
741 3822 827 3871 eadem
845 3839 922 3872 aterna
940 3827 966 3873 in
985 3841 1034 3888 qua
1044 3827 1139 3889 suerat
1150 3831 1217 3888 ante,
1236 3832 1261 3878 et
1272 3829 1394 3894 discipuli
1405 3835 1459 3880 eine

267 3905 384 3954 uiderunt
406 3921 460 3954 eum
481 3907 652 3957 ascendentem
675 3909 702 3957 in
726 3909 828 3959 aaemm.
864 3912 1052 3978 Praetereaque
1067 3916 1137 3978 feeit
1158 3914 1240 3965 multa
1256 3918 1383 3968 miracula
1400 3923 1459 3969 ante

267 4008 337 4041 suain
351 3994 510 4055 paeeianem:
526 3995 658 4045 eueaitaait
676 4001 787 4047 mortuae
804 4002 828 4047 et
846 3998 1001 4051 illuminavit
1019 4017 1105 4052 aaeaae
1124 4007 1149 4052 et
1166 4005 1296 4054 nunciavit
1308 3996 1422 4070 bpraeae
1433 4015 1459 4059 et

267 4077 365 4140 eapulit
379 4078 520 4129 diadaiiaae
536 4081 641 4139 mariae,
659 4087 684 4132 et
701 4081 757 4132 alia
771 4084 852 4146 plura
861 4086 951 4148 santia
968 4102 1046 4148 apem
1059 4091 1237 4152 peepetraait:
1255 4098 1279 4142 et
1291 4094 1383 4143 Iudaei
1394 4097 1459 4144 oaei-

267 4166 358 4215 demet
375 4183 429 4216 eum
447 4167 500 4216 eine
518 4167 572 4218 ulla
590 4171 693 4219 animine
710 4176 735 4221 et
751 4172 934 4234 suspenderunt
951 4174 978 4222 in
995 4174 1086 4224 arbore
1103 4177 1190 4226 uiridi.

353 4254 393 4302 ³0.
424 4253 500 4302 lieno
519 4241 768 4307 totam'eeationem
787 4257 862 4307 dSax
882 4260 1007 4324 exprimit
1026 4260 1067 4309 liis
1092 4262 1129 4311 lit
1150 4262 1221 4313 litae
1240 4269 1266 4314 et
1288 4264 1459 4330 Veepaeiaeue

267 4336 391 4387 annuato
413 4338 581 4389 reddiderunt
602 4344 638 4390 eie
654 4343 716 4390 daea
733 4343 828 4403 amnia,
850 4350 1036 4409 proptereaque
1053 4349 1235 4410 apamiarum
1252 4352 1362 4402 Iudaeae
1380 4355 1459 4419 pedes

266 4441 363 4477 aureum
380 4430 405 4476 et
422 4430 499 4490 eaput
515 4428 638 4478 deareum.

352 4515 394 4564 31.
424 4513 522 4563 Rursus
542 4515 606 4566 hasa
626 4516 779 4567 brevissime
798 4518 872 4569 ASex
895 4520 976 4569 habet
1000 4536 1113 4587 pergens
1137 4522 1261 4575 Salvator
1282 4531 1379 4579 aaaieue
1400 4537 1459 4582 erat

267 4600 320 4649 eine
336 4598 391 4649 uita
409 4600 526 4658 criminae
547 4604 573 4651 et
590 4601 681 4652 ludaei
694 4605 769 4667 paesi
785 4607 844 4654 eunt
861 4605 1120 4670 ignominiosissimam
1136 4615 1254 4670 inertem,
1271 4618 1296 4663 et
1313 4630 1398 4665 earum
1415 4633 1458 4666 na·

267 4688 335 4738 mina
352 4689 478 4739 exstincta
494 4693 553 4740 eunt
569 4690 601 4739 de
618 4694 673 4741 tata
690 4696 762 4743 terra
779 4694 982 4757 queamdmodum
999 4702 1151 4748 studuerunt.
