3458 5640
652 605 819 654 imorem
839 600 1064 651 sinvnronrs.
1392 591 1454 654 485

263 763 372 824 autem
395 756 574 821 vendamus
597 777 636 819 ex
660 756 707 820 eis
729 753 868 838 triginta
890 774 950 837 pro
974 773 1039 817 uno
1062 754 1228 836 argenteo.
1272 748 1319 813 Et
1340 748 1388 813 ita
1410 745 1456 810 f-

263 864 384 925 cernnt.
428 859 475 923 Et
498 857 786 942 apprehenderunt
804 857 951 922 Pilatum
974 862 1008 920 et
1029 854 1236 921 tradiderunt
1259 852 1349 918 illum
1368 850 1456 931 mihi,

263 968 296 1027 et
323 983 382 1045 ogo
411 960 503 1025 illum
532 960 627 1043 posui
656 961 689 1024 in
717 982 849 1026 earcere
873 959 915 1025 ad
939 957 1189 1024 eristodiendum
1211 962 1354 1040 quatuor·
1376 975 1457 1037 qua-

262 1067 468 1133 ternionibus
495 1066 634 1132 militum
658 1067 691 1130 in
714 1066 889 1131 Damasco,
934 1065 962 1103 ³²
984 1063 1067 1129 Indo
1090 1063 1249 1127 miserunt
1270 1059 1458 1144 inquisitio·

261 1196 335 1239 nem
368 1194 441 1237 eum
472 1193 593 1255 magna
624 1171 796 1255 diligentia
827 1171 869 1235 ad
900 1168 1133 1254 inquirendum
1164 1167 1290 1268 vnltnm
1318 1163 1457 1231 domini:

262 1283 295 1341 et
322 1278 519 1342 invenerunt
547 1274 716 1341 mulierem
744 1276 875 1340 nemine
900 1274 1101 1342 Verenicam
1129 1272 1304 1338 habentem
1332 1269 1457 1335 vultum

262 1379 394 1443 domini.
452 1378 478 1418 ³³
505 1378 599 1443 Tunc
634 1378 786 1443 'liberius
824 1379 1003 1460 imperator
1041 1375 1123 1439 dixit
1153 1372 1332 1441 Velosisno
1370 1371 1458 1456 Quo·

262 1479 357 1545 modo
388 1479 481 1544 illum
513 1480 638 1545 habes?
687 1480 753 1564 Qui
786 1479 954 1562 respondit
985 1477 1103 1542 Habeo
1135 1475 1228 1541 illum
1258 1475 1292 1539 in
1323 1473 1457 1539 sindone

263 1584 384 1651 munda
412 1606 512 1651 aurea
542 1586 722 1650 involutum
754 1584 863 1668 pallio.
912 1582 1009 1648 Dixit
1040 1588 1150 1648 autem
1178 1580 1331 1648 Tiberius
1359 1581 1458 1664 impe·

262 1695 356 1754 rator
382 1687 459 1754 Duc
486 1711 560 1754 eum
587 1688 630 1754 ad
657 1711 707 1754 me
736 1693 769 1753 et
795 1687 901 1770 pande
931 1693 1009 1752 ante
1036 1685 1154 1750 taciem
1182 1705 1304 1766 meam,
1335 1690 1372 1749 ut
1399 1704 1458 1767 ego

263 1791 438 1876 procidens
466 1792 500 1856 in
529 1798 654 1857 terram
678 1798 711 1858 et
733 1814 840 1876 genua
862 1790 998 1856 flectens
1021 1788 1155 1855 adorem
1178 1810 1252 1854 eum
1275 1809 1373 1872 super
1395 1793 1459 1853 ler-

263 1921 343 1963 ram.
387 1896 482 1963 Tunc
508 1896 708 1964 Velosianos
737 1897 896 1981 expandit
923 1896 1059 1979 pallium
1090 1916 1184 1961 suum
1217 1916 1290 1960 cum
1322 1893 1460 1960 sindone

163 2004 169 2010 ’
263 2024 378 2085 aurea,
408 2002 466 2067 ubi
495 2009 566 2068 orat
593 2003 703 2068 vultus
732 2002 854 2068 domini
882 2001 1112 2084 consignatus:
1144 2005 1178 2065 et
1198 1999 1280 2064 vidit
1309 2019 1382 2063 eum
1405 1997 1459 2063 Τί-

263 2105 374 2172 berius
396 2107 585 2189 imperator.
631 2106 697 2191 Qui
721 2107 834 2172 statim
857 2105 1007 2172 adoravit
1028 2104 1205 2188 imaginem
1229 2102 1353 2168 domini
1377 2124 1459 2186 puro

263 2212 374 2296 corde,
402 2218 436 2277 et
457 2213 614 2279 mundata
638 2214 779 2279 esicius
802 2234 879 2279 caro
904 2211 990 2277 sieut
1013 2234 1089 2278 earo
1113 2209 1208 2295 pueri
1229 2209 1369 2294 parvuli.
1413 2210 1460 2274 Et

263 2341 375 2385 omnes
407 2320 495 2385 caeci
527 2320 648 2403 leprosi
680 2318 789 2385 claudi
817 2319 900 2384 muti
927 2318 1017 2383 surdi
1046 2320 1081 2384 et
1107 2315 1209 2383 variis
1236 2315 1361 2382 detenti
1390 2314 1459 2381 lan-

263 2425 432 2509 guoribus,
461 2424 517 2508 qui
546 2425 591 2490 ibi
615 2426 769 2508 aderant,
798 2425 1015 2506 sanabantur,
1044 2430 1078 2490 et
1100 2424 1207 2489 curati
1231 2445 1268 2489 ac
1291 2420 1459 2488 emundati

264 2536 349 2595 sunt.
394 2530 421 2569 ³⁴
441 2530 596 2595 Tiberius
620 2536 728 2596 aulem
752 2531 933 2613 imperator
955 2528 1112 2595 inclinato
1137 2529 1244 2612 capite
1268 2533 1302 2594 et
1325 2526 1460 2593 flectens

264 2657 386 2717 genna,
411 2635 623 2700 considerans
646 2635 739 2699 illum
763 2656 946 2700 sermenem
968 2633 1093 2699 Beatus
1115 2637 1229 2698 venter
1251 2633 1309 2716 qui
1331 2637 1365 2697 te
1387 2652 1460 2715 por·

263 2738 349 2801 tavit
378 2744 411 2802 et
437 2737 540 2801 ubera
563 2759 647 2821 qnae
670 2739 802 2818 suxisti,
830 2737 992 2818 ingemuit
1014 2736 1055 2802 ad
1079 2736 1246 2802 dominum
1269 2758 1343 2801 eum
1365 2735 1461 2801 lacri-

264 2839 325 2902 mis
355 2838 466 2902 dicons
489 2838 583 2904 Dens
611 2840 691 2904 coeli
721 2845 755 2904 et
784 2844 907 2923 terrae,
938 2861 1003 2904 non
1034 2861 1086 2905 me
1117 2839 1288 2923 permittas
1315 2860 1462 2923 peccaro,

265 2942 321 3008 sed
355 2942 513 3008 contirma
544 2944 687 3008 animam
719 2967 824 3009 meam
856 2949 890 3009 et
921 2964 1038 3026 cerpus
1069 2965 1177 3008 meum
1209 2949 1243 3009 et
1273 2944 1402 3010 colloca
1427 2943 1461 3008 in

265 3069 365 3131 regne
392 3054 463 3130 tuo,
491 3047 570 3131 qnia
598 3047 632 3112 in
655 3047 786 3113 nornine
810 3054 866 3113 tuo
890 3045 1017 3113 confido
1041 3069 1185 3131 semper;
1216 3046 1323 3115 libera
1344 3070 1398 3114 me
1420 3046 1461 3113 alr

266 3151 417 3217 omnibus
445 3151 541 3218 malis
570 3153 656 3218 sieut
681 3151 831 3219 liberasti
854 3157 924 3218 tres
946 3172 1065 3235 pueros
1089 3151 1127 3218 de
1151 3152 1280 3219 camino
1303 3152 1389 3238 ignis
1412 3175 1462 3218 ar·

266 3256 382 3321 dentis.

352 3505 392 3552 ³2.
420 3504 517 3552 Rursus
530 3503 685 3552 brevissime
697 3500 776 3552 ASnn
788 3504 874 3568 Atque
887 3508 1026 3566 practerea
1038 3504 1175 3554 invenimus
1185 3504 1315 3554 mulierem
1327 3504 1369 3563 ili,
1389 3520 1463 3569 quem

265 3590 384 3638 (tinnient
401 3590 497 3639 domini
505 3590 605 3655 sociem
622 3590 721 3639 haime.

353 3687 394 3734 33.
424 3682 502 3734 ASox
521 3686 577 3733 Iam
595 3686 728 3734 attulimus
744 3687 805 3743 dne,
828 3685 922 3750 inquit,
945 3690 970 3734 et
988 3685 1117 3735 mulierem
1134 3692 1159 3736 et
1168 3686 1276 3751 sociem.
1317 3687 1378 3736 lirin
1395 3687 1464 3738 dicit

269 3773 383 3822 Tiberius
406 3773 565 3823 Vehementer
582 3773 757 3822 desiderabam
776 3774 860 3822 videre
878 3789 932 3821 eam
949 3779 974 3823 et
992 3774 1104 3824 adorare
1125 3790 1188 3823 eain.
1229 3775 1289 3824 inm
1311 3773 1464 3825 Volusianus

266 3863 378 3911 mirrexit
401 3867 425 3911 et
448 3862 587 3926 explicavit
606 3878 763 3926 prrrpnrcam
787 3862 914 3911 sindonem
938 3866 964 3910 in
983 3863 1145 3928 penitemini
1161 3863 1249 3929 facies
1267 3863 1381 3913 involuta
1398 3870 1463 3918 aar.

269 3949 305 3997 Et
323 3948 435 3996 tilerias
453 3948 517 3996 vidit
528 3949 627 4012 faciem
644 3952 669 3997 et
687 3948 841 3997 existimavit
858 3964 916 3997 vere
934 3964 986 3998 eme
1003 3949 1098 3998 domini
1108 3949 1216 4014 sociem.
1256 3950 1348 3999 Tanton
1366 3949 1464 4000 minime

267 4041 336 4094 crat,
361 4038 404 4085 sed
429 4039 505 4085 ventis
528 4040 585 4085 erat
604 4052 677 4099 quarn
695 4036 809 4085 dominns
831 4038 884 4098 ipse
903 4041 1066 4099 portaverat.
1106 4038 1156 4086 Sed
1174 4040 1312 4102 quicunque
1331 4039 1464 4102 gentilium

266 4121 376 4182 prirnnm
394 4125 554 4184 aspexerunt,
571 4119 697 4181 putabant
710 4136 763 4169 erne
774 4121 869 4169 donnini
878 4121 987 4184 faciem.
1013 4122 1051 4171 Iit
1065 4121 1180 4170 tiberias
1191 4122 1320 4171 drimilitcr
1331 4127 1464 4173 veneratus

268 4213 305 4256 ent
317 4224 379 4266 enni,
397 4213 422 4257 et
434 4208 507 4269 lepre
520 4223 593 4272 quma
608 4213 659 4256 tam
671 4209 717 4257 din
733 4208 858 4258 induerat
876 4208 948 4258 illico
960 4209 1055 4259 decidit
1074 4209 1104 4258 al
1123 4225 1160 4268 eo,
1178 4213 1203 4258 et
1222 4227 1313 4276 corpus
1330 4211 1384 4261 eiua
1395 4227 1461 4260 mun·

267 4293 327 4341 dum
344 4296 402 4342 erat
418 4295 485 4342 sicat
498 4292 604 4356 parvoli
619 4294 703 4356 pueri.

355 4382 380 4427 tn
398 4379 501 4426 sindone
523 4379 615 4426 manda
638 4394 718 4427 cirron
740 4379 878 4428 involutum
898 4379 997 4443 pallio:
1026 4379 1082 4429 Von
1106 4381 1134 4428 in
1151 4381 1255 4431 rinndenc
1272 4383 1365 4431 menda
1383 4399 1464 4432 aurea

270 4463 386 4527 conpnlio
404 4467 519 4526 copertof
538 4461 605 4512 Amb
624 4464 651 4511 in
668 4464 772 4513 sindone
790 4465 882 4513 munda
900 4465 1038 4514 involutam
1052 4465 1138 4528 pallio

354 4560 395 4608 an.
415 4557 457 4607 35.
488 4557 633 4621 Utramque
652 4559 798 4609 sectionem
817 4556 895 4608 Astu
914 4559 1088 4609 brevitensis
1108 4561 1233 4625 exprimit
1251 4563 1288 4612 Et
1305 4564 1392 4612 rtatim
1411 4581 1463 4614 ere·

270 4642 337 4691 didit
354 4649 377 4691 et
396 4643 539 4704 baptizatus
557 4645 594 4690 ert
612 4659 665 4690 cuin
684 4647 739 4692 toln
756 4660 803 4692 enin
815 4645 885 4693 tiemo
903 4648 928 4693 et
946 4645 1012 4693 omni
1026 4645 1132 4708 populo,
1152 4647 1194 4709 qni
1211 4650 1269 4696 erat
1285 4647 1408 4698 calmetus
1420 4649 1463 4697 im-

269 4730 342 4791 perio
360 4731 421 4787 eius,
439 4731 466 4778 in
484 4729 581 4777 nomine
599 4732 681 4779 nostri
697 4731 792 4780 domini
809 4731 868 4780 Insn
887 4732 990 4782 Christi.
