3458 5640
347 626 459 670 XXXVI
808 603 1077 654 PROLBGOMRNA.

348 779 409 842 par
431 756 464 824 S.
479 755 653 822 Pachome.
691 752 832 818 Traduit
855 773 912 815 sur
933 752 982 816 les
1005 758 1111 817 textas
1133 751 1399 834 copta-thebains
1421 752 1544 817 inedita

348 872 519 935 conservos
541 871 561 931 a
582 866 616 931 la
638 863 714 930 bibl.
731 863 774 928 du
796 862 862 927 Roi
885 884 947 946 par
968 862 1015 928 Μ.
1031 839 1189 928 ildouard
1212 862 1403 929 Dulaurier.
1446 862 1544 928 Paris

351 982 441 1046 1835.
486 978 534 1046 cf.
556 978 603 1043 ibi
624 999 696 1062 pag.
715 977 862 1058 art-29„
884 973 940 1039 ubi
963 996 1118 1059 magnam
1140 981 1268 1059 partem
1291 974 1471 1060 fragmenti
1493 997 1545 1042 sa·

348 1092 449 1158 hidici
471 1091 718 1173 interpretatur.
761 1085 942 1152 Praefatur
965 1093 1075 1152 autom
1098 1109 1172 1170 pag.
1186 1090 1236 1154 23.
1259 1088 1347 1153 inter
1364 1087 1431 1153 ulia
1448 1087 1544 1153 haec:

348 1204 403 1269 En
426 1208 620 1286 comparant
640 1201 688 1265 les
709 1201 810 1265 recito
829 1197 869 1263 de
892 1198 1059 1263 l’icrirain
1082 1199 1183 1264 arabe
1206 1220 1286 1264 avec
1309 1221 1390 1265 ceux
1406 1199 1446 1265 de
1465 1200 1546 1265 l'au-

348 1321 423 1380 teur
451 1319 561 1397 cepte,
593 1333 636 1377 011
663 1332 698 1376 se
726 1310 921 1375 convaincra
945 1331 1009 1393 que
1035 1309 1199 1393 l’ouvrage
1222 1311 1266 1375 du
1293 1312 1436 1394 premier
1463 1315 1546 1376 n’est

349 1430 470 1510 qu'une
492 1424 682 1489 traduction
705 1421 845 1504 ebregiso
867 1419 907 1485 de
929 1417 1095 1504 l‘original
1117 1422 1279 1505 egyptien.
1302 1459 1314 1471 ·
1339 1421 1435 1487 (lette
1458 1443 1545 1487 com-

348 1538 495 1621 position
527 1557 561 1600 se
592 1531 743 1599 rattache
775 1537 851 1614 trop
883 1530 1101 1596 evidomment
1127 1553 1188 1615 par
1214 1531 1245 1597 le
1273 1531 1353 1597 fond
1376 1532 1433 1597 des
1454 1532 1545 1598 idees

349 1671 414 1714 aux
429 1647 595 1713 doctrines
610 1643 867 1727 theosophiques
890 1641 971 1707 dont
991 1619 1145 1728 l’ilgypto
1168 1643 1219 1708 fut
1241 1643 1275 1709 la
1296 1645 1413 1728 patrie,
1436 1650 1470 1709 et
1484 1666 1546 1728 par

350 1781 410 1826 son
434 1760 518 1844 style
541 1762 562 1824 a
584 1779 620 1823 ce
640 1759 808 1822 caractere
824 1754 864 1821 de
879 1753 1053 1838 simplicite
1070 1756 1126 1840 qui
1143 1762 1193 1821 est
1208 1777 1328 1840 propre
1344 1761 1365 1822 a
1379 1757 1413 1822 la
1426 1757 1547 1841 langue

351 1879 456 1957 copta,
470 1893 554 1956 pour
568 1870 646 1955 qu'il
662 1870 728 1936 soit
742 1868 889 1953 possible
905 1867 944 1934 de
960 1889 1119 1952 supposer
1135 1890 1199 1953 que
1214 1868 1378 1954 l'original
1392 1871 1472 1937 n’ait
1486 1893 1545 1955 pas

350 1990 403 2050 ete
424 1984 509 2049 ecrit
528 2004 569 2048 en
590 1987 643 2048 cot
662 1980 793 2063 idioma,
815 1986 849 2046 et
864 1978 943 2062 qu’il
962 1980 1011 2045 ait
1032 2003 1074 2045 vu
1095 1979 1126 2045 le
1146 1981 1223 2063 jour
1246 1981 1380 2046 allieurs
1402 2003 1465 2063 que
1489 2004 1547 2046 sur

349 2096 397 2160 les
419 2092 519 2158 borda
541 2093 585 2157 du
607 2089 674 2155 Nil.

573 2241 626 2362 'u
663 2292 723 2361 vr.
760 2289 1081 2358 muraenarum
1104 2290 1307 2358 rrrorrna

780 2427 887 2467 eumen
904 2430 931 2467 A:
962 2427 1070 2466 GBABCB
1087 2428 1113 2466 B·
1221 2465 1224 2471 .

485 2584 567 2652 VII.
606 2581 937 2690 EVANGELlUM'
950 2580 1154 2648 ΤΗΟΜΑΕ
1177 2580 1406 2678 LATINUM.

435 2722 654 2807 Evangelium
672 2719 820 2787 Thomae
844 2719 958 2784 eadem
981 2718 1050 2784 sere
1073 2686 1146 2784 cuin
1164 2719 1278 2784 Iacobi
1295 2719 1380 2784 libro
1388 2720 1413 2802 1)
1438 2725 1472 2785 et
1489 2742 1547 2786 an·

350 2837 505 2919 tiquitate
527 2837 561 2898 et
578 2832 769 2897 celebritate
786 2836 844 2896 est.
882 2830 1042 2898 Veterum
1061 2830 1148 2895 enim
1163 2830 1353 2895 testimonia
1368 2830 1548 2914 repetenda

351 2952 428 3012 sunt
459 2945 500 3010 ab
526 2942 670 3027 Origene
702 2943 758 3027 qui
788 2943 874 3008 hom.
897 2944 922 3007 l.
953 2943 988 3007 in
1018 2941 1144 3007 Lucam
1176 2942 1282 3024 ipsum
1314 2951 1548 3010 commemorat

437 3131 460 3197 ¹)
484 3133 570 3199 Supra
593 3149 653 3199 pag.
671 3132 746 3185 Xlll.
769 3148 824 3183 non
848 3134 915 3183 satio
939 3137 1064 3182 accurate
1086 3132 1201 3182 vidimus
1228 3133 1266 3182 de
1295 3133 1428 3182 Iustino
1455 3140 1548 3198 prot·

352 3219 524 3284 evangelii
546 3224 646 3269 terte.
682 3216 758 3276 Quod
778 3219 913 3268 animine
935 3217 1072 3267 Christum
1090 3218 1119 3267 in
1138 3219 1266 3288 spelunea
1285 3224 1376 3268 natum
1396 3233 1454 3268 care
1473 3219 1549 3276 dicit,

352 3307 380 3357 id
399 3320 429 3356 co
448 3306 533 3369 magis
552 3320 583 3354 ex
602 3306 805 3370 proterangelio
825 3305 948 3354 haustum
968 3304 1088 3362 videtur,
1113 3306 1236 3369 quoniam
1258 3304 1392 3355 accedunt
1410 3307 1463 3355 alia
1482 3322 1549 3370 quae

353 3391 478 3440 similiter
497 3388 621 3438 efficiunt
638 3387 771 3437 Iustinum
791 3404 822 3437 eo
841 3389 910 3437 libro
929 3404 1004 3437 urum
1024 3404 1094 3446 esne,
1114 3389 1335 3452 quomadmodum
1354 3405 1438 3453 nuper
1456 3391 1549 3439 rectis·

353 3475 417 3523 rimo
441 3473 594 3522 observavit
612 3472 784 3536 Hilgenfeld:
812 3472 949 3521 Kritircho
968 3472 1212 3535 Unterruchungen
1238 3474 1305 3522 tiber
1322 3474 1366 3522 dio
1386 3474 1549 3537 Evangelien

351 3559 459 3609 Justinr
478 3563 531 3608 otc.
559 3573 585 3621 p.
608 3558 657 3609 153
676 3572 735 3621 rqq.
773 3556 931 3607 Huiusmodi
956 3563 998 3606 aot
1019 3557 1133 3620 Apolog.
1160 3557 1185 3615 1,
1210 3559 1251 3607 ³3.
1279 3574 1341 3622 pag.
1361 3558 1402 3607 75.
1426 3557 1480 3618 (ed.
1502 3558 1549 3607 Co·

352 3647 408 3695 lon.
429 3643 516 3707 1686.)
540 3644 585 3693 nbi
609 3644 674 3693 haec
693 3644 773 3693 verbo
791 3644 881 3708 angeli
900 3642 934 3692 ad
952 3643 1064 3691 Mariam
1084 3657 1142 3692 esre
1161 3643 1288 3692 dicuntur
1307 3636 1384 3691 Ἰδοὺ
1404 3637 1548 3711 cumapp

341 3728 385 3798 ep
409 3725 510 3794 γαστρὶ
534 3725 565 3778 ἐκ
587 3722 699 3796 ωμεύμ.
722 3724 768 3792 ἀγ.
792 3725 833 3776 καί
856 3724 921 3793 ripa
946 3723 1023 3795 uidp,
1052 3725 1092 3775 καί
1116 3720 1181 3776 υῑόσ
1203 3724 1333 3795 ὑψίστου
1358 3722 1548 3780 κληθήσεται.

354 3816 396 3867 καί
416 3814 550 3867 emacem
573 3812 608 3865 τὸ
632 3809 731 3884 ὄμομα
754 3811 846 3864 αὐτοῦ
860 3811 995 3883 ‘tricoria
1032 3809 1199 3880 αὐτὸσγὰρ
1219 3814 1310 3865 σώσει
1329 3811 1384 3883 τὸμ
1403 3811 1479 3886 λοὸμ
1500 3816 1549 3867 οὐ·

352 3901 407 3952 τοῦ
431 3895 498 3952 dm&
522 3901 585 3970 τῶμ
611 3897 716 3969 ἁμαρτ.
735 3898 846 3969 οῦτώμ.
882 3901 915 3951 ln
939 3902 981 3952 hia
1003 3902 1072 3951 illud
1095 3895 1160 3950 nido
1178 3898 1308 3967 ὑψίστου
1330 3920 1388 3954 curu
1408 3911 1549 3969 proteran-

354 3987 758 4055 geliocap.X1.ccucordat‚
783 3987 854 4037 Inuca
873 3991 901 4044 1.
924 3989 967 4037 35.
1001 3980 1066 4035 υῑόσ
1090 3984 1161 4036 θεοῦ
1184 3995 1307 4038 tenente.
1345 3990 1549 4053 aequoreum

353 4075 485 4140 prioribus
501 4067 579 4122 Ἰδοὺ
597 4104 606 4115 -
626 4065 803 4122 κληθήσεται
829 4074 970 4138 coniungit
994 4071 1035 4120 καὶ
1055 4069 1190 4123 κολὲσεισ
1208 4068 1243 4122 τὸ
1263 4068 1362 4143 ὄμομα
1381 4071 1475 4124 αὐτοῦ
1492 4073 1548 4125 ‘ler-

355 4156 443 4227 σοῦμ·
469 4153 564 4208 αὐτόσ
581 4152 637 4222 γὰρ
654 4156 747 4206 σὼσει
761 4165 821 4217 etc..
840 4159 867 4206 id
881 4159 973 4208 eodem
991 4175 1098 4222 promor
1115 4161 1192 4209 modo
1209 4162 1236 4210 in
1251 4163 1454 4224 protovangolio
1468 4164 1514 4220 nm
1534 4180 1549 4210 a

352 4242 441 4292 Lucae
459 4257 521 4291 voro
540 4246 616 4290 textu
635 4256 665 4290 on
684 4242 764 4289 verba
782 4241 862 4303 plano
883 4240 994 4297 derunt,
1020 4246 1048 4288 ot
1068 4241 1138 4303 apud
1156 4241 1324 4290 Mottlraourn
1347 4243 1380 4290 ab
1399 4246 1496 4306 ungulo
1515 4246 1549 4292 ad

352 4327 496 4390 Iorophum
516 4325 590 4375 dicta
608 4325 761 4375 traduntur.
799 4323 841 4373 Cf.
862 4326 942 4373 etiam
962 4341 993 4373 ea
1006 4341 1072 4389 quac
1091 4333 1238 4390 sequuntur
1257 4328 1327 4390 apud
1341 4327 1483 4384 Iustinum,
1502 4330 1548 4378 ubi

354 4416 397 4463 ort
414 4407 485 4478 ὄθεμ
505 4408 546 4460 καὶ
565 4408 582 4459 ὃ
601 4403 733 4474 ἅγγελοσ
750 4403 834 4474 ωρὸσ
852 4404 907 4476 trip
927 4405 1083 4477 ωορθὲμομ
1098 4407 1168 4458 eima
1181 4409 1234 4459 Καὶ
1255 4407 1389 4461 καλέσεισ
1402 4407 1437 4460 τὸ
1452 4406 1551 4480 ὄμομα

354 4491 595 4562 οὖτοῦἹΗσοῦμ·
632 4486 799 4558 αὐτὸσγὰρ
818 4526 826 4536 -
845 4486 915 4543 (ἰωὸ
934 4490 1159 4560 τ,ἁμαρτ.αὐτ.
1197 4495 1297 4545 Rursus
1315 4496 1495 4546 memorabilia
1514 4499 1552 4546 lo·

353 4598 400 4634 eur
424 4589 468 4634 ert
490 4583 591 4648 dialogi
613 4597 671 4655 cura
693 4580 835 4647 Tryphone
854 4583 913 4632 100.
934 4597 961 4645 p.
980 4582 1038 4632 327.
1065 4597 1095 4632 eo
1115 4583 1184 4647 quod
1204 4583 1289 4634 Maria
1308 4584 1383 4648 virgo
1403 4599 1434 4635 ex
1455 4588 1551 4636 nuntio

355 4669 487 4736 Gabriolir
505 4661 601 4738 χσράμ
619 4663 756 4740 λαθοῦσα
775 4669 882 4729 dicitur,
902 4668 1121 4733 quemadmodum
1141 4670 1169 4720 in
1185 4672 1388 4737 protovnngclio
1400 4670 1490 4732 xiie
1510 4678 1552 4723 ert
