3458 5640
308 626 369 689 106
480 624 811 678 PSEUDOMAWHABI
830 627 1072 679 svaudunum.
1104 628 1178 680 CAP.
1199 629 1332 679 xxxvn.

307 777 441 838 iuvenis
464 774 517 837 illi
539 774 737 839 faciendum
761 773 941 857 grabatum
965 775 1161 839 cubitorum
1182 797 1242 840 sex
1265 776 1503 844 demandaret.

306 876 355 943 Et
372 876 613 961 iussitIoseph
629 897 737 961 puero
755 897 817 942 suo
834 876 989 942 incidere
1007 877 1138 961 liguum
1155 899 1236 944 seca
1252 879 1366 946 ferrea
1381 901 1505 947 secuu-

307 981 388 1047 dum
404 1001 599 1047 mensuram
611 988 713 1065 quam
730 981 882 1047 miserat.
908 978 976 1066 Qui
994 1003 1063 1046 non
1080 983 1227 1048 servavit
1236 982 1418 1049 definitum
1435 984 1505 1052 sibi

306 1086 461 1168 modum;
485 1085 546 1152 sed
563 1085 648 1160 iecit
669 1108 775 1152 unum
792 1085 924 1171 lignum
941 1086 1079 1152 brevius
1101 1086 1222 1154 altero.
1252 1087 1300 1154 Et
1316 1089 1434 1173 coepit
1448 1088 1505 1155 Io·

307 1191 392 1275 seph
413 1190 606 1257 aestuando
630 1192 783 1275 cogitare
807 1190 891 1276 quid
915 1190 1114 1257 faciendum
1137 1193 1169 1257 ci
1191 1201 1284 1259 esset
1305 1215 1410 1279 super
1425 1194 1503 1261 hoc.

306 1295 376 1359 'Et
391 1302 429 1359 ut
442 1295 530 1361 vidit
539 1294 640 1360 Iesus
657 1316 735 1360 cum
752 1296 802 1360 sic
817 1300 1034 1361 aestuantem
1051 1297 1274 1379 cogitatione,
1292 1299 1347 1362 cui
1364 1295 1502 1385 [quial]

306 1418 360 1462 res
372 1403 471 1481 gesta
481 1396 709 1479 impossibilis
720 1402 805 1478 crat,
819 1397 1145 1462 consolatoriavoco
1159 1398 1440 1482 alloquiturcum
1453 1400 1505 1465 di·

306 1519 401 1563 cens:
432 1497 525 1567 Veni
543 1504 722 1564 teneamus
740 1500 855 1581 capita
873 1497 1090 1581 singulorum
1107 1499 1291 1582 lignorum,
1309 1507 1344 1566 et
1360 1503 1505 1567 coniun-

306 1622 425 1684 gamus
443 1609 600 1683 eacaput
615 1602 658 1665 ad
675 1606 788 1684 caput,
807 1606 842 1665 et
856 1621 1086 1684 coaequemus
1104 1623 1145 1666 cn
1160 1602 1202 1666 ad
1220 1622 1256 1667 se
1275 1602 1504 1669 attrahamus

305 1703 349 1767 ad
367 1724 445 1768 nos:
470 1704 661 1786 poterimus
679 1703 770 1768 enirn
788 1702 960 1768 sefacere
977 1704 1150 1788 aequalia.
1185 1703 1284 1770 Tunc
1300 1704 1428 1788 Ioseph
1446 1703 1505 1771 ob-

305 1806 511 1889 temperavit
526 1805 678 1885 iubenti3
700 1804 834 1870 sciebat
850 1807 941 1870 onim
958 1806 1051 1888 quod
1067 1813 1188 1888 posset
1204 1807 1318 1873 facere
1336 1807 1505 1890 quicquid

305 1907 420 1973 vellet.
465 1906 513 1971 Et
533 1907 767 1990 apprehendit
785 1907 915 1992 Ioseph
938 1909 1054 1992 capita
1074 1908 1247 1992 lignorum
1270 1917 1306 1975 ct
1327 1911 1440 1973 iunxit
1460 1909 1504 1975 ad

305 2011 475 2092 parietem
492 2015 527 2074 ct
543 2010 639 2073 iuxta
655 2030 703 2090 se,
721 2015 757 2072 et
772 2011 887 2073 tenuit
901 2008 1002 2073 iesus
1019 2009 1131 2074 altera
1147 2013 1263 2092 capita
1279 2012 1453 2093 lignorum
1470 2018 1506 2075 ct

307 2113 413 2177 traxit
433 2110 477 2175 ad
498 2131 534 2176 se
557 2110 695 2176 breuius
716 2111 849 2194 lignum
873 2116 909 2175 et
925 2112 1131 2195 coaequavit
1151 2112 1246 2195 liguo
1265 2114 1426 2197 longiori.
1458 2112 1506 2178 at

306 2212 395 2276 dixit
416 2211 460 2276 ad
475 2211 620 2295 Ioseph:
653 2210 753 2290 Vade
771 2213 923 2296 operari,
948 2219 983 2277 et
1004 2211 1059 2277 fac
1077 2212 1169 2295 quod
1188 2213 1360 2279 facturum
1377 2222 1410 2279 te
1428 2236 1506 2299 pro·

305 2316 461 2380 miseras.
492 2313 540 2378 Et
555 2312 641 2379 fecit
656 2312 785 2397 Ioseph
803 2313 896 2398 quod
913 2315 1130 2397 promiserat.

305 2544 451 2594 cubitorum.
476 2542 527 2591 Ios.
545 2545 629 2591 eatan
646 2542 720 2591 iussit
735 2556 814 2604 puero
833 2541 945 2591 incidere
963 2540 1034 2606 liqna
1050 2559 1125 2592 ser-ra
1133 2543 1228 2608 ferrea
1244 2545 1345 2593 semnd.
1362 2561 1505 2596 menmram

305 2647 379 2697 quam
388 2629 551 2694 promiserat.
580 2627 630 2690 Qui
641 2644 691 2677 non
703 2628 815 2677 serravit
826 2627 875 2677 siti
886 2627 1016 2694 delinitum
1026 2629 1139 2687 modum,
1157 2630 1202 2679 sed
1213 2646 1288 2679 unum
1300 2630 1361 2695 lipn.
1367 2632 1438 2697 serit
1449 2632 1503 2683 bre·

305 2719 359 2768 rins
377 2716 468 2766 altero.
493 2716 532 2764 Et
544 2715 625 2777 coepit
638 2741 646 2752 ·
659 2730 736 2776 cuper
746 2716 800 2763 tac.
836 2709 847 2742 ¹
865 2715 903 2764 Et
920 2720 948 2764 ut
960 2715 1011 2763 aid.
1024 2731 1078 2764 eum
1091 2716 1140 2765 Ias.
1157 2717 1195 2764 siu
1212 2720 1367 2766 aestuamus
1379 2718 1503 2782 ospitare,

304 2803 478 2853 consolatoria
495 2816 554 2850 uoce
567 2826 575 2837 ·
588 2801 689 2849 dicens.-
713 2800 776 2849 Noli
792 2801 957 2858 contristari,
974 2801 1018 2849 sed
1026 2815 1093 2862 pone
1105 2801 1205 2850 menius
1217 2801 1311 2866 lipsium
1329 2807 1355 2853 et
1366 2807 1393 2852 ta
1411 2818 1502 2868 appre-

303 2890 382 2940 hende
397 2903 445 2951 per
456 2905 531 2937 unum
543 2891 622 2951 caput
632 2887 699 2936 illud
718 2891 743 2936 et
757 2902 803 2951 epo
812 2902 862 2949 per
874 2886 947 2935 (iliud
954 2923 962 2944 ,
980 2891 1006 2935 et
1018 2902 1161 2951 coequemur
1172 2904 1216 2944 ear
1230 2890 1370 2951 poterimus
1387 2891 1453 2939 enim
1471 2907 1503 2940 ea

304 2976 408 3041 aqualia
411 2977 513 3040 jacere.
538 2975 575 3023 Et
580 2975 650 3039 fecit
662 2974 754 3035 Iosepls
764 2974 831 3023 sicut
839 2977 1011 3036 praeceperat
1022 2974 1046 3022 ei
1058 2974 1142 3023 Iesus.-
1159 2975 1254 3024 sciebat
1270 2976 1334 3023 enin
1346 2977 1407 3040 quia
1416 2981 1504 3039 posset

297 3065 392 3130 facere
404 3061 469 3126 qnod
480 3059 565 3110 uellet.
589 3060 628 3109 Et
639 3060 808 3122 apprehendit
819 3059 911 3120 Iosepls
922 3057 972 3107 duo
985 3060 1073 3121 capita
1086 3059 1211 3123 lipncrmm
1229 3064 1254 3109 et
1270 3062 1354 3110 irsrrait
1371 3062 1406 3110 ad
1414 3064 1503 3123 paris·

305 3155 353 3199 tem
367 3148 486 3213 (videtur
502 3151 527 3196 et
540 3147 610 3211 quod
624 3147 650 3194 lr.
661 3147 679 3197 i.
692 3159 709 3194 n
723 3146 799 3194 addit
811 3145 954 3195 delendum
969 3146 1038 3205 assa)
1052 3148 1124 3195 iusta
1140 3163 1166 3195 se
1183 3152 1207 3196 rt
1225 3149 1305 3196 tenuit
1318 3145 1404 3211 [Iesus
1416 3147 1504 3198 altera

306 3236 392 3298 capita
405 3232 538 3297 liquorum,
551 3247 569 3282 υ
580 3248 622 3281 cm
633 3231 713 3296 haec]
727 3237 751 3282 et
764 3233 846 3281 traxit
858 3234 892 3281 ad
902 3248 928 3281 se
940 3232 1039 3281 breuius
1051 3233 1145 3295 lipaum
1157 3239 1182 3282 et
1192 3235 1322 3297 coequavit
1331 3234 1425 3298 lipsium
1435 3234 1506 3298 liqna

305 3326 330 3370 et
341 3321 409 3370 diait
421 3321 454 3369 ad
464 3320 569 3382 Ioseph.-
588 3319 656 3368 Ecce
668 3334 775 3382 operare
787 3319 907 3382 quamodo
920 3321 965 3367 ais.
985 3319 1075 3379 Ioseph
1088 3325 1171 3368 autem
1183 3337 1236 3367 oum
1248 3321 1353 3368 cislisset
1365 3320 1505 3384 quodsrcit

307 3406 385 3464 Iesus,
399 3405 559 3467 amplexatus
570 3408 608 3454 est
619 3421 673 3453 eum
685 3408 710 3453 st
718 3404 799 3453 dixit:
811 3405 909 3453 Beatus
917 3421 970 3452 ercru
983 3421 1027 3467 epo
1038 3406 1097 3467 quia
1107 3405 1275 3468 talernjilium
1284 3406 1355 3452 dedit
1364 3406 1425 3452 iiiiii
1433 3406 1503 3453 ‹leua

375 3490 407 3539 Iu
420 3491 512 3538 coelica
525 3501 542 3536 a
556 3489 668 3538 historia
681 3489 734 3536 ista
747 3489 784 3536 sic
799 3489 894 3537 habat:

375 3571 384 3602 ¹
396 3576 460 3623 Post
471 3576 532 3622 daec
544 3573 645 3636 quidam
658 3574 812 3621 architector
825 3572 962 3637 lipnisaler
975 3574 1034 3620 dum
1043 3573 1148 3636 srrceret
1163 3576 1280 3620 aratrum
1289 3587 1338 3635 pro
1351 3574 1409 3636 isspo
1423 3572 1503 3631 douai,

306 3662 374 3710 uenit
386 3660 487 3724 quidam
499 3656 554 3723 [et]
566 3659 634 3707 dixit
644 3660 683 3707 ei:
702 3658 756 3706 Fac
767 3659 828 3706 milri
839 3659 977 3720 speciosum
987 3657 1131 3720 prolatum.
1153 3658 1211 3706 Cum
1224 3659 1306 3705 omrsia
1317 3658 1387 3721 lipara
1397 3658 1505 3721 prolati

306 3747 536 3811 operatussuisset,
549 3745 655 3809 contipit
666 3745 732 3809 quad
744 3744 869 3809 quoddam
882 3744 1039 3809 lipaumsuit
1051 3744 1122 3793 breue
1134 3761 1209 3793 unam
1220 3759 1350 3806 spannam.
1377 3744 1445 3792 tisnc
1457 3746 1504 3794 ille

306 3833 444 3901 lipnisater
460 3834 542 3893 coepit
558 3833 714 3881 contristari.
750 3826 761 3859 l
781 3832 886 3895 (lamque
903 3833 1007 3881 vidisset
1024 3848 1077 3880 euin
1097 3832 1181 3889 lesus,
1201 3830 1346 3880 consolatus
1361 3848 1416 3880 euni
1435 3832 1503 3881 dia-it

307 3923 344 3970 ei:
363 3920 425 3969 Noli
437 3919 598 3975 ‹·ontristari,·
613 3919 657 3968 sed
670 3918 829 3982 apprehende
840 3935 871 3966 ea
882 3935 933 3967 una
941 3922 1028 3981 parte,
1041 3923 1066 3966 et
1078 3934 1122 3982 epo
1135 3934 1165 3964 ea
1177 3916 1232 3965 alia
1244 3918 1376 3967 estendam
1388 3918 1456 3967 illud
1468 3919 1503 3968 ad

306 4024 351 4057 rire.
373 4007 431 4055 Oum
443 4011 525 4056 autem
537 4007 690 4056 extendisset
702 4006 768 4055 illud
780 4007 814 4056 ad
827 4005 1007 4069 longitudinem
1020 4003 1128 4053 alterins
1140 4000 1211 4084 lip'ni,
1224 4005 1292 4052 dixit
1303 4005 1337 4053 ad
1349 4021 1418 4053 eum:
1434 4005 1504 4055 Ecce

305 4096 378 4145 modo
395 4098 512 4143 condrue
524 4093 660 4157 prabatum
676 4093 742 4141 sicat
757 4093 802 4140 ris.
827 4092 989 4140 Architeotor
1007 4089 1053 4138 ille
1070 4094 1095 4138 et
1111 4105 1194 4138 omnes
1211 4091 1253 4153 qai
1269 4106 1323 4138 cmm
1339 4106 1368 4139 ec
1384 4095 1460 4139 mant
1476 4092 1503 4140 in

261 4201 265 4211 ·
306 4182 377 4230 donno
387 4195 441 4228 cum
450 4179 571 4228 vidissent
582 4179 679 4242 eipnam
691 4178 875 4243 quodfer-erat,
888 4177 1044 4226 admirantes
1053 4175 1187 4224 ‹dixeruntt
1205 4174 1270 4223 Vero
1283 4176 1323 4223 tic
1335 4179 1373 4224 est
1382 4175 1501 4234 Messias,

251 4267 252 4270 ’
306 4282 377 4329 quem
388 4268 522 4326 expectant
526 4263 585 4329 filii
596 4262 689 4311 Israel.

376 4349 503 4412 Sequitur
516 4348 566 4396 hcc
580 4349 639 4397 loco
656 4349 684 4396 in
697 4346 789 4395 cadica
802 4359 819 4393 a
832 4344 1034 4394 narratiuncula
1047 4358 1114 4406 quaa
1133 4345 1210 4394 abest
1229 4359 1244 4393 a
1257 4343 1317 4392 cdd.
1332 4359 1347 4392 n
1362 4351 1390 4394 et
1402 4359 1429 4394 n.
1455 4345 1503 4394 aas

306 4443 395 4488 autem
410 4436 489 4483 heac:

269 4524 272 4530 '
375 4522 413 4570 Et
425 4535 480 4568 cum
492 4519 564 4567 Iesus
575 4533 629 4566 cum
644 4516 706 4565 aliis
717 4515 854 4581 infantulis
864 4531 941 4577 super
952 4515 1042 4564 radios
1054 4514 1123 4564 solus
1135 4514 1162 4577 (i
1173 4513 1287 4563 solarii?
1313 4514 1504 4578 scriptumest

305 4605 369 4670 sol')
386 4607 477 4670 ubique
491 4604 579 4669 plures
595 4605 742 4653 ascenderet
758 4606 784 4652 et
798 4604 909 4661 sederet,
930 4602 1051 4667 multique
1069 4603 1147 4651 simili
1163 4603 1236 4652 modo
1248 4604 1343 4670 facere
1359 4608 1504 4667 coeperant,

302 4693 552 4760 praecipitabantur,
565 4694 686 4741 eteorum
698 4689 975 4757 mrasranpebaatur
986 4693 1011 4738 et
1023 4688 1136 4737 machia.
1156 4688 1207 4738 Sed
1219 4689 1334 4738 domium
1345 4689 1417 4739 Iesus
1429 4706 1505 4739 sana·

306 4784 349 4832 bat
361 4795 451 4832 Omne-t.
