3458 5640
722 582 991 634 propulsorem.
1340 603 1458 650 XXXIII

259 737 418 803 historiae
446 736 608 802 rationem
636 733 796 816 reserens,
825 733 977 818 inprimis
1003 734 1172 801 destinata
1199 733 1301 802 inisse
1328 736 1458 803 videtur

260 855 297 915 ut
324 851 377 916 die
404 849 538 933 Ioseplri
570 849 669 931 leste,
701 848 736 913 in
768 847 956 914 memoriam
987 847 1098 915 obitus
1127 848 1198 914 eius
1224 848 1392 931 instituto,
1423 851 1458 916 in

260 969 420 1029 conventu
449 984 542 1028 sacro
570 961 827 1045 praelegeretur.
875 960 957 1026 Dies
984 960 1039 1026 ille
1066 982 1133 1026 non
1161 960 1257 1027 modo
1287 963 1321 1027 in
1343 962 1456 1029 libello

260 1079 371 1138 nostro
404 1078 682 1138 commemoratur
714 1093 784 1155 cap.
807 1073 871 1152 29,
904 1071 1181 1154 quemadmodum
1210 1073 1281 1138 fieri
1310 1074 1396 1139 solet
1423 1076 1458 1138 in

260 1184 335 1248 ritis
353 1191 545 1250 sanctorum
565 1183 671 1248 eidem
689 1182 763 1248 usui
778 1181 962 1262 destinatis,
985 1188 1019 1247 et
1035 1182 1178 1248 solemne
1197 1184 1457 1250 anniversarium

261 1294 521 1377 commendatur,
552 1293 609 1358 sed
638 1293 736 1358 etiam
765 1293 990 1358 oblationibus
1020 1314 1059 1358 ea
1090 1293 1264 1359 occasione
1295 1293 1457 1362 faciundis

261 1410 394 1470 aeterna
416 1406 566 1488 praemia
588 1409 817 1488 proponuntur
840 1425 911 1486 cap.
928 1407 978 1468 26.

345 1516 501 1600 Denique
527 1516 692 1582 sententia
719 1521 834 1581 nostra
861 1515 900 1581 de
929 1516 1060 1598 coptica
1088 1516 1215 1601 origine
1243 1517 1458 1583 confirmatur

263 1629 412 1716 pluribus
439 1630 522 1696 locis
545 1629 623 1696 libri
646 1628 853 1715 dogmaticis,
881 1628 1063 1696 cuiusmodi
1087 1635 1138 1696 cst
1162 1630 1346 1698 convivium
1368 1630 1458 1698 mille

263 1766 423 1811 annorum
451 1745 558 1829 capite
581 1747 631 1811 26.
661 1750 960 1812 commemoratum.
1008 1743 1122 1810 Facile
1152 1745 1240 1811 enim
1268 1744 1459 1812 chiliasmus

263 1879 361 1941 quern
391 1863 510 1923 vocant
539 1856 655 1941 Ooptis
684 1855 899 1938 Christianis,
931 1857 1055 1942 ingenii
1086 1857 1217 1941 mystici
1249 1863 1282 1923 et
1313 1857 1459 1939 fanatici,

264 1971 468 2054 maximeque
499 1970 541 2034 iis
569 1969 625 2053 qui
656 1969 836 2035 innumeris
864 1968 1075 2035 monasteriis
1104 1969 1236 2034 deserta
1258 1968 1385 2052 Libyae
1412 1970 1461 2034 in·

266 2080 430 2162 colebant,
459 2082 557 2146 etiam
586 2086 655 2144 tum
683 2081 814 2162 placere
841 2086 972 2163 poterat
993 2102 1095 2162 quum
1125 2080 1263 2145 ecclesia
1285 2085 1320 2144 et
1340 2101 1461 2164 graeca

265 2196 298 2256 et
323 2192 427 2257 latina
448 2191 568 2257 dudum
596 2190 795 2274 repudiarat.
839 2190 925 2256 Item
950 2212 1034 2274 quae
1063 2191 1172 2273 capite
1199 2193 1245 2255 14.
1275 2190 1314 2256 de
1342 2195 1462 2256 natura

265 2301 401 2385 spiritus
428 2303 534 2368 sancti
561 2302 815 2387 praecipiuntur
842 2324 915 2367 cum
944 2303 987 2368 iis
1015 2302 1084 2369 sere
1113 2302 1313 2368 conveniunt
1335 2323 1462 2386 quasa

265 2414 388 2497 Cyrillo
411 2414 640 2481 Alexandrino
668 2416 702 2479 in
730 2414 895 2481 anathem.
919 2413 984 2480 IX.
1009 2413 1064 2496 (cf.
1087 2413 1283 2481 Theodoret.
1307 2435 1382 2498 opp.
1397 2412 1458 2481 IV.

230 2536 232 2538 ’
265 2529 395 2610 pm.)
419 2527 453 2591 in
477 2549 549 2593 eam
573 2550 642 2594 rem
666 2527 863 2593 dictasunt
1256 2507 1262 2522 ⁹

351 2638 445 2723 Quae
469 2661 569 2722 quum
592 2641 641 2704 ita
663 2640 738 2719 sint,
762 2639 894 2705 omnino
919 2638 1099 2704 deserenda
1121 2645 1172 2704 est
1188 2638 1312 2704 Isidori
1335 2639 1375 2704 de
1389 2638 1461 2705 Iso·

263 2748 348 2815 lanis
371 2752 537 2816 sententia
555 2751 612 2835 qui
634 2749 815 2816 hebraeum
838 2749 985 2815 malebat
1006 2753 1183 2832 auctorem,
1197 2754 1374 2834 'permotus
1397 2770 1463 2814 ma·

264 2861 349 2927 xime
378 2863 578 2928 auctoritate
606 2863 747 2945 exempli
775 2862 870 2928 latini
900 2861 989 2945 quod
1017 2883 1103 2927 anno
1130 2864 1222 2927 1340.
1251 2883 1290 2926 ex
1318 2860 1461 2927 hebraeo

265 2975 461 3039 translatum
485 2996 556 3041 esse
580 2974 780 3058 subscriptio
804 2973 996 3040 testabatur.
1041 2973 1154 3038 Possit
1176 2974 1297 3058 aliquis
1315 2973 1350 3039 in
1370 2994 1462 3039 usum

266 3085 528 3158 Christianorum
554 3088 600 3152 'ex
630 3086 766 3152 Iudaeis
796 3088 988 3171 Aegyptum
1019 3090 1053 3151 et
1084 3084 1216 3170 Syriam
1250 3085 1463 3152 incolentium

267 3219 348 3280 opus
371 3199 535 3282 copticum
558 3198 710 3264 hebraice
728 3220 858 3265 versum
882 3198 1020 3282 opinari,
1044 3198 1100 3263 sed
1124 3197 1158 3262 id
1182 3219 1202 3263 a
1225 3198 1463 3264 consuetudine

267 3308 424 3375 abhorret
438 3310 703 3376 Christianorum
727 3333 765 3376 ex
785 3309 952 3376 Hebraeis
977 3310 1099 3393 ubique
1122 3309 1333 3394 bilinguibus,
1356 3330 1462 3393 neque

266 3421 370 3504 magis
392 3421 424 3486 id
448 3422 630 3488 sententiae
646 3421 769 3487 Isidori
787 3422 826 3487 de
842 3421 986 3487 Isolanis
1009 3426 1068 3488 aut
1089 3421 1325 3506 subscriptioni
1341 3421 1464 3488 codicis

266 3530 354 3596 illius
376 3532 471 3597 latini
495 3534 693 3599 conveniens
716 3539 775 3599 cst.
820 3533 946 3601 Verum
975 3533 1023 3598 ita
1045 3533 1301 3599 existimandum
1323 3541 1387 3615 est,
1416 3534 1464 3599 in·

266 3648 441 3726 terpretem
464 3644 602 3709 latinum
625 3644 875 3711 commendandi
899 3645 974 3711 libri
993 3666 1112 3711 caussa
1131 3644 1173 3711 ad
1191 3646 1371 3712 hebraeum
1390 3668 1465 3730 pro·

266 3776 399 3820 vocasse
421 3760 559 3836 textum,
582 3756 857 3837 quemadmodum
881 3762 931 3822 tot
954 3758 1218 3841 apocryphorum
1242 3758 1327 3847 eius·
1335 3757 1464 3840 generis

267 3871 416 3931 auctores
448 3887 487 3931 ex
518 3866 659 3932 hebraeo
691 3889 725 3932 sc
757 3868 968 3933 transtulisse
997 3868 1171 3933 finxerunt.
1217 3867 1316 3952 Quod
1344 3872 1382 3932 ut
1409 3867 1464 3934 ille

267 3976 412 4057 fingeret,
435 3975 514 4041 fecit
528 3977 626 4041 ctiam
643 3978 731 4059 quod
748 3980 854 4060 primo
872 3979 979 4061 capite
1003 3978 1147 4060 apostoli
1171 3979 1257 4043 bunc
1280 3999 1464 4044 sermonem

269 4162 378 4226 l’Eylise
396 4164 558 4223 d’Occidsnt,
582 4170 606 4215 st
625 4183 671 4231 qus
690 4166 727 4215 les
747 4166 892 4215 Cordeliers
910 4167 1008 4231 t'ayant
1025 4182 1113 4216 recens
1131 4183 1161 4216 eu
1181 4169 1263 4228 laea,
1282 4168 1331 4218 alls
1348 4169 1407 4218 s'oet
1424 4183 1464 4218 sn·

267 4247 331 4295 anile
352 4248 482 4312 repeadue'
499 4249 565 4299 dass
588 4254 670 4300 tocies
692 4250 728 4300 les
746 4249 851 4314 Eplisee
872 4249 975 4300 taliaes.
1013 4251 1052 4300 lle
1071 4257 1191 4316 tempore
1210 4268 1262 4317 quo
1279 4253 1405 4305 memoris
1423 4251 1465 4301 lc·

267 4335 344 4399 sephi
368 4337 439 4386 fests
457 4336 527 4401 apud
546 4336 659 4388 listinae
677 4344 786 4403 recepte
806 4339 843 4388 sit
861 4337 991 4390 dissentit
1009 4341 1052 4391 vcl
1072 4345 1144 4399 certe
1163 4340 1270 4390 videtur
1288 4340 1431 4391 dissentire
1450 4356 1466 4390 s

268 4421 401 4472 llollnndo
425 4421 559 4475 Cslrnet.
596 4423 638 4474 Cf.
665 4425 720 4475 eius
747 4425 849 4475 dissert.
873 4425 905 4474 de
929 4425 957 4475 S.
978 4426 1069 4490 Iosepd
1094 4427 1123 4477 S.
1143 4428 1248 4477 Mariae
1274 4429 1338 4491 airy.
1363 4429 1466 4492 coniuge

269 4514 320 4558 art.
337 4509 411 4561 Vlll.
438 4511 513 4575 (buc.
535 4511 622 4576 1729.)
646 4513 691 4563 ubi
711 4513 750 4563 ait
768 4514 832 4563 Dies
850 4513 932 4563 obiice
950 4515 984 4562 cd
1004 4514 1044 4564 19.
1062 4515 1157 4566 Martii
1174 4519 1280 4566 notatur
1297 4515 1324 4564 ia
1341 4505 1464 4580 martyro·

270 4596 344 4659 lepra
367 4598 439 4648 ultra
462 4601 513 4650 800
535 4602 820 4661 necessarissimas,
844 4617 915 4665 quem
933 4602 999 4650 diem
1015 4603 1113 4666 festum
1132 4603 1187 4665 cpit
1205 4603 1232 4650 in
1250 4603 1303 4652 eius
1319 4603 1463 4652 memoriam

269 4682 375 4733 ecclesia
393 4684 485 4733 latiae.

1199 4766 1253 4799 sss
