3458 5640
261 655 374 700 hxvm
390 659 393 663 “
726 636 998 687 Paohueosrana

262 787 350 851 ratio
374 805 414 850 ea
436 789 486 849 ost
508 788 558 866 ut,
586 803 740 866 graeemu
768 788 857 848 certe
885 789 1011 849 textum
1036 784 1252 866 examinanti,
1280 805 1347 848 non
1369 785 1461 848 varie

207 875 209 880 Α
263 898 502 982 interpolatum
528 896 683 978 latinum,
710 893 801 960 nulla
828 896 953 961 homini
980 895 1022 961 ab
1046 900 1156 961 aetate
1179 894 1363 978 apostoliea
1385 916 1460 977 pro·

263 1013 352 1077 ximo
380 1009 490 1075 alisna
515 1009 735 1074 inveniantur.
780 1006 877 1094 Quod
901 1008 1031 1093 singula
1052 1031 1125 1075 oum
1148 1011 1360 1093 antiquorum
1383 1008 1461 1072 sori·

264 1129 397 1206 ptorum
418 1120 500 1186 loeis
523 1119 687 1186 similibus
711 1140 908 1203 componens
930 1122 1059 1206 egregie
1080 1120 1235 1205 probavit
1249 1119 1347 1185 Thilo
1370 1120 1459 1186 notis

265 1235 371 1301 textui
395 1233 587 1316 subiunctis,
609 1230 779 1315 inquibus
801 1231 897 1298 modo
921 1232 962 1298 ad
983 1233 1122 1316 antiqua
1135 1232 1367 1299 Hebraeorum
1386 1252 1462 1315 apo·

266 1347 391 1431 erypha
419 1344 561 1441 delegat,
592 1349 630 1408 ut
658 1344 699 1408 ad
728 1346 868 1408 Parvum
900 1345 1044 1426 Genesin,
1076 1345 1117 1410 ad
1152 1347 1281 1409 Testem.
1306 1346 1382 1408 XII
1402 1368 1460 1429 pa-

264 1459 486 1535 biarchorum,
515 1454 558 1518 ad
579 1455 678 1518 Musis
704 1459 918 1528 mensionem
948 1455 1045 1520 modo
1073 1455 1115 1521 ad
1142 1456 1355 1520 rabbinorum
1383 1455 1461 1519 Iesu

264 1566 333 1631 iere
363 1565 551 1648 aequalium
580 1569 778 1647 commenta;
805 1564 969 1630 modoad
989 1565 1097 1631 LXX
1121 1566 1334 1648 interpretes;
1361 1565 1459 1631 modo

266 1678 308 1742 ad
330 1676 556 1742 uetustissima
571 1673 836 1742 Christianarum
856 1675 1043 1742 litterarum
1066 1682 1288 1759 monumenta,
1310 1675 1362 1741 vel
1383 1676 1460 1741 hae·

264 1789 379 1872 retica,
403 1792 440 1852 ut
459 1784 669 1871 Ophitarum,
688 1786 873 1854 Marcionis
895 1791 929 1854 et
950 1788 1236 1872 Marcionitarum,
1257 1787 1461 1856 Valentinia-

265 1922 398 1981 norum,
425 1898 477 1964 vel
500 1897 678 1982 catholiea,
707 1904 745 1963 ut
767 1904 819 1965 est
839 1898 961 1965 Pastor
983 1898 1145 1984 Hermae,
1173 1898 1353 1967 Clementis
1377 1920 1461 1983 quae

266 2013 419 2079 feruntur
441 2010 611 2095 homiliae,
633 2011 808 2096 Saniorum
830 2010 1016 2096 fragmenta
1038 2011 1125 2094 apud
1147 2011 1337 2091 Irenaeum,
1360 2010 1462 2075 lusti·

266 2144 328 2188 nus
349 2122 490 2205 Martyr‚
513 2121 716 2204 Theophilus
738 2121 977 2203 Antiochenus,
999 2120 1169 2187 irenaeus.
1212 2123 1266 2186 Ex
1287 2123 1361 2204 ipso
1384 2143 1461 2185 vero

266 2232 377 2298 libello
409 2237 539 2313 nostro,
570 2233 728 2313 quitum
755 2231 899 2297 noudum
925 2253 998 2296 eum
1026 2232 1110 2296 actis
1132 2231 1235 2296 Pilati
1264 2233 1460 2298 coniunctus

266 2362 338 2408 esse
353 2341 492 2423 videtur,
513 2362 594 2424 prae
617 2341 691 2405 aliis
713 2342 826 2406 multis
848 2340 968 2424 hausit,
989 2341 1080 2407 nulla
1095 2340 1227 2425 quidem
1250 2341 1350 2406 alieni
1373 2362 1461 2406 mon·

265 2455 355 2519 tione
378 2452 475 2534 iacta,
497 2452 700 2518 Eusebius
721 2452 1069 2535 Alexandrinus1).
1111 2452 1293 2518 Praeterea
1314 2454 1348 2516 in
1364 2454 1463 2518 aesti-

264 2564 386 2629 manda
408 2563 484 2628 libri
507 2563 709 2646 antiquitate
732 2563 811 2628 illud
830 2562 955 2647 aliquid
970 2565 1127 2629 momenti
1141 2564 1242 2630 habet
1258 2565 1346 2646 quod
1361 2565 1464 2628 verba

265 2677 406 2741 latronis
428 2675 469 2740 de
491 2695 588 2740 cruce
606 2673 780 2758 pendentis
797 2675 850 2756 (oi.
865 2696 939 2759 pag.
955 2679 1039 2757 310.)
1064 2677 1111 2741 ita
1126 2675 1299 2741 discedunt
1314 2697 1334 2739 a
1349 2675 1461 2740 Liroae

264 2793 358 2855 textu
379 2794 418 2852 ut
440 2807 480 2853 ex
502 2786 569 2853 alia
591 2787 768 2852 veterrima
790 2787 968 2854 traditione
989 2787 1122 2853 fluxisse
1144 2786 1327 2853 rideantur.
1365 2785 1463 2873 Quod

265 2900 378 2965 nescio
402 2920 445 2964 an
468 2899 567 2964 etiam
589 2900 624 2964 in
647 2920 838 2983 responsum
861 2899 987 2966 Christi
1010 2899 1150 2984 quadret
1174 2899 1207 2980 (l.
1228 2899 1274 2983 1.),
1297 2903 1331 2965 et
1352 2898 1387 2964 in
1409 2896 1464 2964 Io·

265 3011 386 3077 hannis
420 3011 587 3094 baptistae
618 3011 720 3077 verba
750 3011 837 3095 apud
868 3011 1009 3094 inferos,
1045 3011 1084 3076 de
1117 3011 1235 3095 quibus
1266 3012 1333 3076 iam
1364 3031 1464 3094 supra

248 3118 390 3188 ‘dietum
413 3129 472 3188 ast.
526 3171 528 3173 -

354 3232 448 3320 Quae
472 3237 583 3301 omnia
605 3237 781 3301 coniuncta
803 3236 963 3301 eiusmodi
987 3240 1065 3300 sunt
1085 3240 1123 3300 ut
1143 3235 1291 3300 libellum
1314 3240 1464 3301 nostrum

268 3369 309 3414 su
331 3348 563 3431 antiquissimo
587 3349 709 3431 scripto
733 3348 921 3432 apocrypho
945 3347 1080 3413 secundi
1103 3348 1227 3413 saeculi
1244 3347 1399 3413 haustum
1414 3347 1465 3412 vel

268 3461 522 3543 transscriptum
538 3461 730 3525 existimem.
768 3458 952 3544 Quodque
975 3460 1107 3525 nomine
1131 3459 1217 3542 apud
1240 3460 1396 3541 antiquos
1418 3459 1466 3522 in-

267 3571 415 3635 notuerit
447 3570 581 3636 disfioile
612 3571 701 3635 dictu
733 3576 792 3635 est.
847 3570 926 3635 Non
958 3571 1074 3652 inepta
1104 3569 1237 3651 quidem
1274 3571 1466 3633 coniectura

271 3701 384 3744 eorum
414 3688 465 3746 est
493 3683 549 3764 qui
577 3701 617 3745 ex
645 3681 794 3766 κήρυγμα
816 3682 947 3765 Πέτρου
975 3680 1115 3762 petitum
1144 3679 1339 3745 censebant:
1370 3679 1465 3744 Petri

269 3793 357 3857 enim
380 3795 570 3874 auotoritas,
595 3781 716 3876 quippe
739 3792 878 3858 eundem
898 3790 1103 3858 Desceusum
1118 3790 1243 3857 Christi
1266 3793 1300 3855 in
1324 3790 1467 3875 epistola

268 3906 393 3987 testati,
415 3907 555 3971 maxime
574 3904 695 3971 idonea
709 3905 812 3970 videri
827 3909 961 3988 poterat
976 3924 1061 3986 quae
1083 3904 1142 3968 tali
1165 3909 1351 3970 commento
1367 3902 1464 3969 fidem

356 4118 378 4183 ¹)
398 4120 438 4172 Cf.
457 4119 551 4172 Thilo:
582 4123 661 4173 Uebss·
678 4124 720 4173 ds'e
739 4124 869 4189 Schriften
887 4125 932 4173 des
949 4125 1075 4173 Eusebiae
1090 4139 1139 4172 eoa
1156 4123 1332 4172 Alexandria
1352 4110 1405 4173 end
1422 4124 1467 4172 cles

270 4207 398 4256 Eusebius
418 4223 466 4257 eos
484 4208 585 4258 Enisa.
612 4211 686 4259 18³2.
729 4208 819 4274 Longe
839 4209 970 4258 diversam
989 4224 1004 4258 s
1022 4209 1099 4258 nobis
1122 4210 1286 4258 sententiam
1309 4214 1401 4258 tuetur
1420 4211 1465 4273 qui

270 4292 421 4354 nuperrime
444 4291 554 4340 Parisiis
579 4291 611 4342 de
636 4293 776 4356 evangalio
800 4291 940 4341 Nicodemi
963 4294 1080 4356 scripsit.
1105 4291 1220 4341 Altred
1245 4293 1369 4357 Maury:
1398 4293 1466 4342 Nos·

269 4374 348 4424 velles
369 4376 516 4425 recherches
532 4392 577 4425 sse·
595 4376 707 4441 l'tpoqse
724 4379 740 4427 ὰ
759 4377 786 4426 lo
805 4377 887 4441 quelle
905 4394 922 4426 e
939 4377 978 4427 itt
994 4377 1107 4440 compos6
1123 4378 1252 4442 l'osoraps
1270 4394 1349 4427 eonas
1366 4393 1425 4427 sose
1443 4378 1467 4427 le

270 4463 332 4511 titre
349 4462 491 4526 d’e‘eesps‘le
507 4463 651 4514 Nieodlme.
673 4465 748 4515 1850.
784 4464 868 4514 Putat
886 4464 956 4514 enim
976 4452 1007 4515 ex'
1026 4464 1140 4514 Eusebio
1152 4463 1332 4515 Alexandrino
1352 4466 1467 4532 aliisque

270 4545 388 4596 eiusdem
407 4547 463 4596 fero
482 4548 580 4597 aetatis
599 4549 775 4613 scriptoribus
793 4552 880 4599 totum
900 4549 997 4598 librum
1015 4547 1048 4600 de
1067 4549 1205 4600 Descensu
1221 4547 1322 4599 Christi
1341 4549 1466 4600 haustum

271 4644 338 4680 esso.
376 4630 454 4690 Quod
472 4648 551 4698 quem
569 4649 584 4684 a
602 4649 664 4685 soro
683 4635 800 4685 alienum
822 4635 871 4693 sit,
897 4634 1071 4686 clarissimum
1090 4636 1175 4685 virum
1193 4636 1280 4700 ipsum
1299 4651 1330 4686 ox
1349 4638 1466 4702 repetito

270 4720 309 4770 rei
328 4721 448 4772 examine
467 4721 606 4774 docturum
626 4739 680 4774 non
699 4722 804 4774 dubito.
