3458 5640
287 642 347 704 108
469 643 801 697 Peenno-natumst
820 649 1060 701 svaudunum.
1086 648 1163 699 CAP.
1182 646 1285 697 XXXX.

286 792 377 858 dum.
413 792 591 858 Timentes
612 800 727 859 autern
749 798 916 881 populum
934 798 1064 882 Ioseph
1085 803 1120 862 et
1134 795 1248 861 Maria
1269 801 1305 859 et
1324 793 1479 873 ipsolen·

285 897 368 960 tiam
392 895 589 980 principum
620 903 656 963 et
679 897 790 964 minas
816 901 1050 982 sacerdotum,
1078 899 1251 965 duxerunt
1277 897 1403 964 iterum
1433 895 1478 962 ad

285 996 454 1081 scholam,
476 999 628 1066 scientes
650 999 738 1065 nihil
758 1022 861 1085 posse
883 1004 925 1069 ab
947 1002 1085 1069 homine
1105 1001 1238 1068 discere
1256 999 1316 1086 qui
1337 1020 1378 1066 ex
1400 999 1476 1065 solo

286 1102 350 1169 deo
367 1102 558 1187 perfectam
573 1102 719 1169 haberet
734 1105 927 1172 scientiam.
959 1106 970 1141 ⁸
988 1103 1074 1172 Cum
1090 1111 1206 1171 autem
1220 1102 1321 1170 Iesus
1337 1103 1480 1169 introis·

286 1212 341 1273 set
361 1207 529 1290 scholam,
555 1206 680 1273 ductus
706 1209 831 1292 spiritu
857 1216 977 1276 sancto
1004 1209 1140 1294 accepit
1159 1207 1287 1274 librum
1307 1207 1349 1273 de
1371 1228 1477 1272 manu

285 1310 454 1376 didascali
466 1311 624 1377 docentis
640 1310 762 1395 legem,
780 1318 816 1378 et
825 1319 950 1379 cuncto
966 1311 1245 1398 populovideuta
1260 1316 1296 1378 et
1310 1310 1477 1378 audiente

285 1415 402 1498 coepit
416 1414 549 1497 legere,
572 1435 642 1480 non
659 1413 799 1497 quidem
816 1436 905 1498 quae
922 1416 1053 1499 scripta
1069 1419 1169 1480 eraut
1186 1414 1221 1478 in
1238 1413 1327 1480 libro
1345 1434 1476 1496 eorum,

284 1516 404 1582 sedin
426 1517 553 1600 spiritu
575 1516 631 1582 dei
652 1517 718 1581 vivi
738 1517 963 1602 loquebatur,
986 1522 1150 1600 tanquam
1171 1516 1202 1582 si
1224 1515 1266 1582 de
1288 1516 1476 1584 fontevivo

284 1627 421 1687 torrens
438 1641 549 1704 aquae
567 1620 793 1704 egrederetur
808 1627 844 1686 et
858 1620 937 1687 fons
953 1621 1079 1704 plenus
1096 1640 1232 1703 semper
1247 1627 1476 1704 permaneret.
1541 1663 1552 1688 .

283 1723 332 1790 Et
346 1724 397 1790 ita
412 1724 447 1788 iu
463 1725 591 1789 virtute
608 1722 757 1790 docebat
770 1725 937 1809 populum
954 1723 1194 1809 magnaliadei
1204 1724 1279 1807 vivi,
1296 1731 1336 1790 ut
1351 1731 1386 1790 et
1401 1726 1477 1809 ipse

284 1830 450 1914 magister
460 1827 652 1893 caderet-in
662 1834 790 1893 terram
806 1834 841 1894 et
856 1828 1116 1895 adorareteum.
1142 1825 1211 1893 001·
1220 1829 1477 1912 autempopuli,

284 1934 345 2018 qui
361 1930 576 1998 consedebat
591 1937 625 1997 et
640 1931 801 1998 audierat
817 1953 894 1998 eum
910 1933 997 1998 talia
1012 1931 1200 2015 dicentem,
1221 1952 1357 1998 versum
1373 1933 1478 1996 estin

284 2043 471 2121 stuporem.
489 2035 591 2119 Quod
602 2057 679 2101 cum
689 2036 996 2119 audissetIoseph,
1009 2036 1179 2103 currendo
1190 2035 1339 2101 renitad
1350 2035 1477 2118 Iesum,

283 2141 410 2206 timens
426 2160 469 2205 ne
486 2140 561 2221 ipss
578 2137 777 2203 didascalus
793 2146 996 2204 moreretur.
1028 2138 1104 2223 Quo
1120 2140 1194 2204 viso
1210 2138 1377 2222 magister
1392 2139 1481 2203 dixit

286 2244 331 2308 ei:
363 2240 416 2307 Tu
437 2263 506 2307 nou
527 2240 657 2307 dedisti
678 2239 761 2304 milri
782 2241 993 2326 discipulum
1015 2242 1076 2306 sed
1097 2242 1316 2324 magistrum:
1343 2248 1379 2307 et
1400 2243 1478 2325 quis

284 2344 600 2430 potestverbaeius
612 2343 810 2411 sustinere?
832 2344 932 2411 Tunc
943 2344 1169 2429 adimpletum
1180 2350 1234 2412 est
1244 2344 1479 2428 quoddictum

285 2454 339 2514 est
357 2468 421 2533 per
436 2448 666 2532 psalmistam:
696 2449 845 2517 Flumen
862 2450 919 2516 dei
941 2451 1112 2534 repletum
1134 2457 1188 2517 est
1208 2471 1308 2535 aqua.
1338 2451 1479 2517 Parasti

284 2551 399 2619 cibum
418 2552 568 2637 illorum,
587 2552 670 2637 quia
684 2552 735 2619 ita
750 2561 805 2621 est
818 2555 1039 2640 praeparatio
1057 2555 1142 2621 eius.

725 2810 845 2878 Canus
868 2810 1032 2877 XXXX.

367 2982 455 3049 Post
478 2981 564 3048 haec
589 2985 748 3068 migravit
774 2984 903 3070 loseph
929 2984 1010 3052 inde
1039 3007 1115 3051 cum
1136 2985 1251 3052 Maria
1275 2992 1310 3051 et
1330 2983 1413 3050 Iesu
1440 2991 1480 3049 ut

281 3087 442 3153 venirent
459 3087 495 3150 in
516 3085 758 3171 Capharuaum
778 3091 999 3173 maritimam,
1023 3096 1168 3175 propter
1186 3090 1352 3156 malitiam
1371 3087 1480 3154 homi-

284 3210 366 3255 num
388 3189 455 3255 sibi
478 3189 744 3256 adversantium.
778 3191 827 3257 Et
847 3213 924 3257 cum
944 3191 1120 3259 habitaret
1143 3192 1245 3259 Iesus
1268 3194 1303 3258 in
1326 3190 1479 3276 Caphar-

284 3314 404 3376 naum,
431 3298 506 3359 erat
530 3294 565 3358 in
591 3294 730 3360 civitate
757 3295 897 3379 quidam
922 3297 1023 3362 homo
1049 3297 1188 3363 nornine
1211 3295 1356 3380 Ioseph,
1382 3292 1479 3363 divds

282 3395 394 3463 valde.
426 3394 495 3463 Sed
518 3396 719 3462 infirmitate
736 3420 799 3465 sua
815 3399 980 3467 deficiens
1002 3407 1159 3467 mortuus
1180 3406 1248 3483 est,
1271 3407 1307 3467 et
1321 3406 1478 3466 mortuus

285 3500 322 3564 in
333 3499 477 3582 grabato
494 3499 640 3565 iacebat.
666 3498 752 3566 Cum
768 3507 883 3566 autem
900 3502 1168 3570 audissetIesus
1185 3503 1370 3568 incivitate
1382 3504 1480 3586 plan-

284 3608 406 3685 gentes
424 3607 459 3667 et
473 3601 596 3668 flentes
613 3608 649 3668 et
662 3602 838 3669 ululautes
855 3625 960 3689 super
974 3613 1158 3688 mortuum,
1176 3605 1264 3670 dixit
1278 3604 1322 3671 ad
1332 3605 1476 3689 Ioseph:

285 3703 400 3788 Quare
417 3704 509 3787 huic,
525 3726 601 3770 cunr
617 3707 756 3772 nomine
773 3713 833 3772 tuo
849 3715 1001 3790 vocetur,
1023 3715 1103 3774 tuae
1120 3711 1252 3793 gratiae
1269 3708 1477 3774 beneficium

284 3829 353 3873 nou
370 3805 552 3891 praestas?
586 3806 652 3875 Cui
668 3809 849 3894 respondit
863 3810 1008 3894 Ioseph:
1041 3810 1138 3895 Quae
1161 3818 1214 3877 est
1228 3817 1384 3895 potestas
1400 3833 1478 3880 mea

283 3948 498 3958 ..ι-Ἥ-

352 4019 376 4066 2.
394 4016 434 4065 Ad
453 4018 565 4065 alteram
584 4017 681 4080 capitia
700 4022 803 4080 partem
822 4019 856 4066 ct.
876 4034 942 4081 qnae
961 4019 994 4067 ad
1014 4028 1096 4082 caput
1108 4019 1200 4068 XXXI.
1221 4035 1252 4069 ax
1265 4033 1282 4068 u
1296 4026 1390 4071 notata
1403 4028 1475 4071 sunt.

352 4102 487 4150 audiunt:
499 4101 539 4149 ite
551 4116 582 4150 ex
596 4101 784 4151 emendatione
798 4105 825 4151 in
839 4104 931 4153 codice
944 4105 1044 4168 legitur
1057 4120 1103 4167 pro
1117 4105 1244 4154 audiebat.

352 4184 475 4235 codicem
487 4197 506 4233 n
520 4190 641 4248 preartat
659 4201 718 4235 cum
737 4187 775 4235 eis
789 4201 947 4250 componere
960 4203 1027 4251 quae
1045 4189 1213 4253 evangelium
1226 4194 1344 4238 nostrum
1359 4188 1476 4240 'l'homaa

282 4271 409 4321 Latinum
422 4270 511 4333 capite
524 4269 598 4319 XIII.
611 4271 730 4333 praebat.

350 4353 452 4404 XXXX.
472 4352 544 4412 Quae
562 4370 621 4403 curn
641 4354 690 4403 hoc
708 4356 797 4420 capita
816 4355 917 4405 codicis
935 4370 952 4404 a
969 4358 1135 4406 conveniunt
1151 4357 1180 4405 iu
1198 4370 1217 4406 n
1234 4356 1340 4416 codice,
1360 4358 1431 4407 hunc
1448 4358 1476 4408 iu

281 4440 388 4492 modum
401 4445 554 4503 comparata
567 4448 643 4490 sunt:

352 4527 411 4576 Oum
421 4527 550 4576 lectitaret
562 4525 761 4589 (desiderantur
773 4528 857 4593 igitur
869 4543 937 4591 quae
955 4519 987 4577 ab
1002 4529 1080 4577 initio
1096 4529 1233 4594 leguntur)
1245 4531 1393 4595 quaudoque
1405 4531 1478 4581 Iesus

282 4629 336 4663 eam
349 4613 501 4678 perentitur
518 4614 571 4663 ruia
589 4615 615 4661 in
630 4613 820 4678 Ooptcmum,
840 4618 897 4664 erat
915 4614 941 4662 iu
955 4615 1059 4664 civitate
1071 4615 1173 4679 qnidam
1184 4617 1255 4666 homo
1267 4619 1363 4667 nomine
1376 4617 1477 4682 Ioaapt,

281 4701 350 4750 dicer
361 4699 446 4758 ualde,
459 4701 502 4764 qui
513 4701 540 4749 in
551 4700 700 4767 infimitate
712 4717 759 4750 aaa
771 4700 866 4764 (codex
879 4704 956 4750 tatu
968 4701 1066 4750 omisso
1079 4699 1137 4764 aco)
1149 4701 1268 4768 deficiens
1278 4707 1392 4752 mortuae
1402 4708 1441 4753 ert
1452 4709 1478 4753 et

281 4788 308 4835 iu
317 4786 428 4850 prolato
441 4786 548 4837 tacebat.
574 4786 632 4835 Cum
650 4787 763 4836 audisset
774 4787 825 4838 les.
843 4787 890 4834 in·
905 4785 951 4835 Oua·
963 4785 1054 4850 Ioseph
1067 4787 1121 4835 cit.-
1148 4785 1219 4848 Quae
1235 4789 1296 4836 miti
1307 4793 1424 4850 potestas
1440 4794 1478 4839 ert
