3458 5640
263 566 326 628 434
634 563 803 615 emenoni
822 565 1090 621 ronr111’111a‘r1.

264 715 428 795 muissem‚
450 712 591 777 tortasse
612 711 720 777 adhuc
742 713 836 778 nobis
859 716 909 779 vir
931 715 987 781 ille
1009 716 1149 781 viveret:
1173 716 1235 781 etei
1258 721 1336 780 tuae
1358 718 1463 799 magis

264 817 434 904 dignitatis
464 815 529 882 fide
562 818 752 901 compulsus
779 840 878 902 quarn
908 820 1076 885 voluntate
1106 841 1180 885 rnee
1211 818 1373 885 adductus
1400 842 1461 903 pro

264 923 388 989 viribus
416 943 481 987 non
508 922 703 1005 restiterim,
735 925 929 1007 sanguinem
957 926 1080 989 iustum
1108 925 1209 988 tatius
1237 926 1462 990 accusationis

263 1026 450 1110 immunem,
471 1046 586 1113 verum
598 1026 767 1091 hominum
788 1027 997 1110 malignitate
1018 1028 1140 1111 inique,
1162 1028 1196 1090 in
1217 1048 1330 1092 eorum
1351 1034 1463 1093 tamen

264 1137 301 1197 ut
323 1131 506 1214 scripturae
527 1133 788 1214 interpretantur
811 1133 961 1215 exitium,
983 1132 1166 1198 venundari
1191 1135 1224 1196 et
1245 1133 1323 1215 pati.
1367 1131 1462 1200 Vale.

264 1232 306 1301 V.
328 1232 406 1299 Kal.
429 1233 569 1316 Aprilis.

267 1378 312 1386 ι·-

264 1475 305 1510 ern
323 1475 405 1523 prope
420 1470 424 1515 ι
439 1461 581 1509 aestuantia
600 1493 627 1506 ..
648 1459 824 1509 moratione
848 1464 978 1519 aestuant,
1003 1463 1100 1510 omisso
1119 1461 1217 1509 exoriri
1240 1463 1245 1519 Ι
1268 1460 1339 1509 nobie
1355 1461 1396 1509 vir
1413 1460 1460 1508 ille

264 1547 339 1611 (Fior
356 1547 402 1596 ille
422 1547 472 1611 uir)
492 1582 524 1597 ..
547 1547 616 1597 Bodl
634 1548 675 1595 vir
691 1546 738 1596 ille
754 1547 810 1597 not.
835 1544 840 1609 Ι
865 1551 1024 1597 tamencum
1044 1547 1111 1596 Bodl
1132 1545 1216 1596 Cheru
1235 1581 1242 1596 .
1263 1583 1269 1595 .
1291 1547 1351 1596 Flet
1367 1549 1461 1612 Jeme»

265 1631 340 1696 (trine
364 1632 433 1681 i'ubr
456 1632 561 1682 esitium
585 1647 643 1681 cum
663 1631 722 1695 pati
746 1630 887 1697 coniungit
906 1669 912 1682 .
931 1669 938 1682 .
957 1631 1015 1682 Ven
1039 1647 1081 1682 eru
1110 1630 1116 1694 Ι
1143 1632 1248 1681 emund.
1272 1636 1297 1681 et
1319 1633 1380 1694 pati
1402 1647 1461 1680 eum

264 1715 333 1765 ltodl
354 1752 360 1766 .
377 1752 383 1766 .
404 1716 466 1765 rior
485 1716 541 1766 Ven
556 1716 617 1780 pati
633 1719 658 1766 et
674 1713 800 1778 aenum!
820 1714 850 1766 V.
863 1716 923 1765 Kal.
938 1718 1004 1782 Apr.
1020 1732 1077 1766 cum
1092 1715 1148 1766 Veu
1164 1716 1232 1766 lrodl
1253 1752 1258 1765 .
1276 1753 1282 1765 .
1304 1716 1364 1766 rior
1376 1714 1459 1766 Chm

268 1799 368 1862 Quarto
390 1800 479 1850 Nonae
499 1801 609 1864 Aprilis.
