3458 5640
343 1873 649 1950 EVANGELIUM
675 1875 900 1949 Nlooouul
926 1873 1044 1950 Plus
1071 1873 1255 1950 ALTERA

756 2094 839 2146 SIVE

399 2274 659 2350 DESOENSUS
687 2274 876 2350 CHRISTI
902 2272 964 2348 AD
993 2275 1200 2350 INFEROS.

685 2518 849 2581 Laurus
876 2519 914 2580 B.

629 2701 750 2771 Oneon
772 2703 800 2770 Ι.
824 2701 970 2790 (XVII.)

290 2887 412 2953 ¹Tuno
434 2885 530 2951 rabbi
554 2884 668 2951 Addas
691 2891 724 2951 et
749 2885 845 2952 rabbi
869 2885 991 2952 Finees
1014 2889 1048 2952 et
1070 2885 1166 2952 rabbi
1190 2884 1309 2970 Egias,
1337 2884 1400 2950 viri

201 2995 272 3056 tres
290 2992 347 3076 qui
370 2994 532 3057 venerant
553 2989 593 3055 de
612 2988 767 3057 Galilaea
787 2989 1004 3056 testificantes
1025 2987 1145 3056 vidisse
1168 3010 1203 3055 se
1220 2989 1331 3055 Iesum
1349 3011 1399 3056 as-

203 3100 370 3179 sumptum
399 3097 433 3162 in
461 3095 604 3178 caelum,
633 3099 848 3162 surrexerunt
873 3095 908 3162 in
935 3093 1042 3161 medio
1065 3093 1288 3162 multitudinis
1310 3096 1400 3181 prin·

202 3203 314 3285 cipum
339 3201 540 3267 Iudaeorum
569 3207 603 3266 et
630 3200 785 3266 dixerunt
815 3222 928 3266 coram
960 3200 1188 3268 sacerdotibus
1216 3208 1249 3268 et
1271 3201 1400 3269 Levitis

205 3306 395 3371 ‹ronvooatis
418 3305 459 3369 ad
484 3306 659 3370 oonoilium
675 3305 812 3369 domini:
836 3304 1056 3372 Venientibus
1078 3305 1174 3371 nobis
1189 3305 1230 3371 de
1246 3305 1401 3374 Galilaea

203 3408 236 3471 in
264 3407 442 3472 Iordanem
473 3407 604 3471 obviam
635 3406 715 3471 faeti
747 3411 826 3471 sunt
855 3406 1005 3496 maxima
1026 3406 1203 3471 multitudo
1231 3407 1400 3472 bominum

202 3509 396 3574 abbatorum
430 3510 487 3592 qui
520 3509 598 3573 olim
630 3509 762 3574 fuerant
793 3508 949 3573 defuncti.
993 3509 1090 3574 Inter
1122 3530 1205 3593 quos
1232 3510 1399 3575 Karinum

203 3617 237 3677 ot
250 3610 412 3678 Loncium
433 3611 573 3679 vidimus
596 3612 693 3679 simul
715 3635 789 3682 uum
816 3613 863 3679 eis
886 3613 1014 3680 adesse:
1037 3618 1071 3679 et
1091 3613 1400 3698 appropinquantes

222 3847 225 3853 '
286 3841 307 3892 l.
337 3842 380 3891 Ad
399 3843 450 3892 hoe
469 3845 551 3907 caput
569 3844 603 3892 ef.
623 3847 690 3892 text.
710 3844 757 3893 lot.
776 3844 797 3892 Α
817 3842 829 3890 I
850 3847 878 3892 ot
896 3841 942 3891 x1.

286 3936 311 3995 1,
331 3939 355 3987 1.
388 3936 456 3986 stae
473 3935 502 3998 (Δ
521 3935 574 3987 edd
593 3937 787 4002 responderant)
806 3962 815 3974 ·
834 3937 926 3986 Addat
943 3937 971 3999 (c
989 3935 1085 3999 Adam)
1105 3962 1116 3973 ·
1134 3936 1399 4002 Epioe(th1ipia)

199 4024 252 4071 oiri
268 4026 321 4072 tres
344 4022 424 4084 (hoec
442 4035 478 4074 ΑΒ
496 4022 551 4084 om)
573 4048 583 4059 ·
607 4024 772 4089 testificantes
794 4024 824 4085 (Δ
842 4023 886 4087 qai
902 4023 1036 4088 testificati
1052 4029 1124 4080 wan
1148 4035 1165 4074 Β
1184 4023 1236 4072 add
1255 4025 1289 4072 od
1306 4040 1400 4075 mosao

199 4108 395 4171 multitudinem)
413 4111 507 4160 uidisse
524 4127 550 4159 re
569 4111 598 4170 (a
618 4112 682 4175 quod
700 4111 831 4168 videraut,
850 4122 867 4160 o
886 4111 966 4174 piano
984 4111 1037 4173 om)
1055 4136 1064 4145 -
1083 4127 1182 4160 turrea.
1206 4136 1216 4146 ·
1234 4112 1319 4176 prino.
1337 4112 1397 4162 Iud.

201 4196 248 4258 (ao
271 4213 313 4246 om
340 4212 409 4247 suar.
436 4211 520 4262 usquo
545 4198 615 4260 lud.)
643 4203 669 4249 et
695 4202 724 4259 (o
749 4197 801 4259 om)
828 4198 882 4247 dis.
913 4196 962 4259 (ao
985 4197 1038 4248 add
1065 4199 1100 4247 od
1122 4215 1216 4248 minem
1239 4205 1333 4251 coelum
1355 4203 1398 4250 Is·

201 4285 331 4349 dormiam)
356 4301 442 4336 coram
459 4311 469 4320 -
487 4286 547 4336 Leo.
570 4286 600 4349 (a
618 4302 660 4336 om
684 4303 769 4338 eoram
791 4302 875 4352 usquo
893 4285 968 4350 Leo.)
992 4285 997 4349 Ι
1021 4290 1165 4337 conuocatis
1187 4296 1230 4338 ete
1252 4304 1310 4338 eum
1330 4303 1345 4340 r
1367 4324 1397 4338 ..

202 4384 236 4423 ro
255 4372 308 4422 Nor
325 4373 390 4422 enim
414 4373 443 4435 (n
462 4372 517 4434 om)
536 4374 621 4423 uocati
638 4389 656 4422 o
672 4375 742 4424 bobr}
764 4374 793 4437 (r
811 4374 865 4436 om)
884 4374 918 4424 od
937 4373 1027 4424 concil.
1046 4378 1071 4424 et
1093 4377 1219 4425 amantes
1240 4391 1286 4426 aas
1306 4378 1335 4439 (Δ
1356 4391 1397 4426 our

201 4462 226 4508 er
245 4475 283 4509 oe.
304 4457 359 4522 oo.)
380 4477 398 4508 a
421 4459 483 4510 Gal.
504 4460 530 4508 in
552 4462 591 4510 Io.
613 4460 667 4510 oba.
688 4462 735 4526 so.
753 4464 812 4511 suot
835 4459 864 4524 (o
885 4461 959 4510 obvio
976 4462 1058 4526 socia
1079 4461 1127 4523 est)
1154 4461 1225 4512 sobab
1248 4460 1252 4526 Ι
1275 4463 1399 4513 domium

201 4543 230 4608 (Δ
247 4545 301 4607 om)
319 4544 466 4595 abbatorum
489 4545 515 4608 (c
533 4547 587 4608 om)
607 4545 611 4610 Ι
631 4547 758 4596 Kar-inum
775 4545 804 4610 (o
824 4545 895 4608 Gar.)
913 4550 938 4595 et
955 4545 1033 4597 Leuc.
1052 4548 1081 4610 (n
1099 4547 1189 4611 Laut.)
1206 4573 1216 4584 ·
1234 4548 1322 4598 odorae
1340 4565 1399 4598 uuru

202 4643 235 4683 nt·
258 4669 290 4685 ..
315 4645 332 4682 Α
354 4637 428 4681 erunt
447 4632 557 4681 Oarion-r
578 4633 739 4692 atheraldus,
763 4649 824 4697 paor
845 4633 953 4682 uidimus
975 4650 1029 4682 curn
1047 4635 1083 4683 eis
1101 4627 1260 4684 adscendisse
1284 4634 1288 4697 Ι
1311 4641 1336 4684 s!
1353 4651 1397 4699 op·
1500 4681 1504 4688 ,

199 4733 276 4781 prop.
295 4741 306 4751 ·
329 4718 450 4780 intorrop.
472 4733 514 4767 eor
532 4733 590 4767 oum
609 4730 644 4769 ΑΒ
668 4752 698 4767 ..
723 4720 800 4782 equi
818 4719 1053 4783 appropinquantes
1070 4718 1104 4768 ad
1121 4721 1400 4783 neurospaston

253 4815 639 4866 Europopoor.oct'i'irohontlors.
662 4816 743 4857 uun.
1151 4825 1182 4874 27
