3458 5640
263 564 326 626 476
655 566 824 618 vmmcrx
847 567 1073 622 sanusnoxm.

264 713 354 778 huno
376 714 545 795 mundum,
574 722 608 780 et
629 717 663 779 in
684 715 811 781 Iudaea
833 717 866 780 in
889 717 964 782 loco
989 718 1044 802 qui
1068 718 1187 785 dieitur
1208 719 1378 788 Bethleem
1402 746 1459 790 na-

263 821 317 880 tus
346 822 409 899 est,
438 821 472 880 et
500 815 642 911 traditus
671 816 735 882 fuit
758 839 778 883 a
799 817 934 884 Iudaeis
957 824 990 884 et
1011 818 1196 905 flagellatus
1223 829 1257 888 et
1283 825 1460 891 crucifixus

263 921 299 985 in
323 920 465 985 calvario
490 926 613 1003 monte,
637 927 670 986 et
692 921 792 986 tertia
815 920 867 986 die
889 924 1073 989 resurrexit
1095 945 1116 990 a
1138 928 1287 993 mortuis:
1316 934 1349 994 et
1371 929 1460 995 ride·

263 1030 342 1088 runt
364 1045 438 1089 eum
462 1023 615 1108 discipuli
639 1025 708 1090 eius
731 1026 765 1089 in
789 1026 910 1091 eadem·
926 1047 1025 1092 carne
1045 1050 1112 1111 qua
1134 1035 1230 1094 natus
1253 1037 1315 1097 est:
1338 1038 1372 1098 et
1393 1055 1461 1099 rna·

263 1125 433 1191 nifestavit
461 1146 495 1191 se
524 1125 695 1210 discipulis
725 1128 811 1209 eius,
840 1135 873 1193 et
901 1128 1113 1195 crediderunt
1139 1132 1173 1195 in
1201 1151 1283 1198 eum.
1328 1133 1375 1199 Et
1400 1155 1460 1200 nos

265 1230 397 1313 quidem
420 1230 569 1296 volumus
592 1229 748 1314 discipuli
771 1232 841 1297 eius
863 1231 943 1298 fieri.
981 1231 1081 1298 Nune
1104 1242 1222 1300 eamus'
1238 1241 1272 1300 et
1293 1236 1460 1304 deleamus

264 1333 414 1397 inimicos
443 1330 578 1397 eiusde
606 1337 710 1414 terra,
737 1338 776 1397 ut
801 1355 888 1398 nuno
917 1339 1122 1418 cognoscant
1144 1338 1222 1420 quia
1249 1339 1314 1403 non
1343 1345 1394 1404 est
1418 1341 1461 1405 si-

265 1435 351 1500 milis
374 1435 506 1501 domino
531 1435 591 1501 deo
614 1442 731 1502 nostro
756 1457 855 1520 super
876 1437 997 1503 faeiem
1019 1443 1138 1504 terrae.

352 1548 379 1588 ¹²
401 1545 548 1613 Consilio
578 1552 688 1614 autem
716 1549 800 1614 inito
828 1549 980 1614 exierunt
995 1548 1048 1631 ‚de
1077 1551 1211 1616 civitate
1233 1550 1351 1618 Libiae
1378 1575 1462 1637 quae

264 1651 387 1717 dieitur
414 1651 625 1736 Burgidalla,
655 1659 688 1718 et
716 1653 938 1718 ascenderunt
964 1655 998 1719 in
1026 1655 1156 1738 nauigio
1186 1661 1219 1721 et
1246 1641 1464 1740 perrexerunt

265 1755 508 1841 Ierosolimam,
537 1762 571 1822 et
599 1757 886 1824 circumdederunt
910 1780 1047 1842 regnum
1069 1758 1271 1827 Iudaeorum
1294 1770 1328 1828 et
1350 1784 1464 1847 eoepe-

265 1869 344 1927 runt
375 1862 509 1925 mittere
535 1860 612 1925 illos
640 1860 674 1924 in
702 1858 929 1943 perditionem.
978 1859 1062 1926 (ium
1089 1862 1260 1928 audissent
1286 1886 1382 1949 reges
1408 1867 1463 1930 Iu-

267 1963 421 2028 daeorum
453 1981 566 2026 eorum
597 1981 699 2043 opera
729 1966 763 2025 et
793 1960 1041 2044 dissipationem
1072 1966 1197 2043 terrae,
1234 1965 1332 2028 irruit
1365 1965 1464 2030 timor

267 2087 366 2148 supet
390 2085 447 2130 eos
470 2069 504 2128 et
526 2062 651 2127 turbati
674 2069 752 2127 sunt
773 2062 875 2127 valde.
920 2062 1015 2128 Tunc
1033 2064 1219 2130 Archelaus
1238 2071 1288 2130 est
1310 2067 1465 2131 turbatus

265 2169 301 2233 in
325 2164 534 2232 sermonibus
558 2165 626 2229 suis
650 2169 683 2229 et
698 2164 783 2228 dixit
800 2163 867 2229 filio
890 2185 948 2229 suo
969 2164 1047 2249 Fili,
1070 2167 1183 2248 aooipe
1202 2186 1340 2250 regnum
1356 2188 1465 2233 meum

178 2351 181 2356 Ι
268 2279 301 2338 et
322 2271 432 2336 iudica
453 2268 547 2348 illud,
572 2274 605 2333 et
627 2267 837 2350 apprehende
860 2268 1033 2333 eonsilium
1057 2288 1131 2333 oum
1154 2270 1229 2334 aliis
1251 2270 1385 2352 regibus
1409 2271 1465 2354 qui

268 2376 401 2441 suntin
424 2379 514 2438 terra
531 2371 625 2452 Iuda,
649 2375 685 2434 ut
707 2370 843 2453 possitis
866 2369 1003 2436 evadere
1027 2370 1066 2436 de
1088 2370 1231 2436 inimiois
1254 2374 1383 2438 nostris.
1420 2373 1466 2438 Et

268 2502 343 2547 eum
373 2478 436 2542 hoo
467 2475 616 2555 dixisset,
649 2474 834 2558 evaginavit
866 2472 1010 2557 gladium
1043 2495 1137 2539 snum
1170 2480 1203 2540 et
1233 2476 1384 2541 incubuit
1414 2497 1467 2542 su·

236 2656 238 2665 )
267 2604 328 2667 per
358 2579 446 2660 eum,
478 2582 511 2643 et
537 2576 629 2642 flexit
657 2574 802 2660 gladium
832 2597 927 2640 suum
955 2576 1182 2642 acutissimum
1210 2583 1245 2643 et
1270 2578 1411 2644 inseruit
1431 2579 1466 2643 in

269 2690 402 2771 pectore
434 2703 509 2765 suo,
541 2687 575 2746 et
605 2679 669 2771 fuit
699 2686 857 2745 mortuus.
903 2678 929 2720 ¹⁸
947 2676 1059 2744 Filius
1089 2686 1199 2745 autem
1230 2681 1401 2764 coniungit
1431 2664 1466 2746 se

270 2809 343 2853 oum
368 2785 441 2851 aliis
465 2783 598 2866 regibus
622 2781 678 2865 qui
702 2781 761 2846 sub
785 2782 858 2865 ipso
882 2784 991 2864 erant,
1018 2785 1051 2846 et
1073 2785 1271 2864 acceperunt
1293 2782 1465 2846 eonsilium

269 3013 344 3063 ASax
359 3011 431 3062 ttae
447 3009 578 3074 respondit
595 3009 619 3057 ei
636 3012 662 3058 et
674 3008 742 3058 dixit
757 3008 803 3066 Oi,
822 3009 883 3073 quid
900 3023 950 3057 eoa
968 3008 1115 3058 eomtderoe
1132 3008 1158 3056 iu
1177 3007 1254 3057 corde
1271 3011 1323 3066 tuo,
1338 3012 1366 3066 ,te
1378 3006 1467 3058 detero

269 3099 373 3149 medere
394 3099 421 3145 ia
443 3098 633 3160 ornnipoteatem
654 3095 726 3143 deum
748 3099 774 3143 et
795 3095 877 3143 uiuum
897 3097 1012 3157 patrem,
1036 3097 1060 3143 et
1078 3094 1200 3157 memorio
1218 3093 1334 3142 ealootor
1354 3094 1468 3144 Christus

262 3185 340 3248 filius
357 3185 399 3234 dei
415 3188 492 3232 natue
509 3186 567 3231 erat
584 3183 610 3230 iu
628 3182 736 3235 ledaea,
754 3182 781 3229 ia
800 3182 909 3229 ludoico
927 3182 1031 3231 sinitote
1046 3179 1184 3237 Bethleem,
1202 3184 1227 3229 et
1244 3180 1364 3244 quomodo
1377 3180 1468 3228 Iudaei

262 3272 466 3339 stapellaoeruat
489 3285 543 3318 eum
567 3272 591 3317 ei
615 3267 798 3330 rerepeaderunt
815 3267 842 3315 is
860 3283 946 3324 eruce,
967 3283 1016 3329 per
1034 3267 1168 3324 invidiam,
1193 3271 1218 3315 et
1237 3265 1356 3329 quomodo
1376 3269 1468 3329 posteo

270 3359 382 3409 surrexit
400 3374 417 3405 a
434 3356 541 3406 mortuis
558 3356 637 3404 tertia
654 3354 708 3411 dtu·
734 3359 759 3402 et
776 3353 898 3416 discipali
919 3354 973 3401 eius
994 3358 1019 3402 et
1039 3352 1130 3415 plures
1151 3351 1200 3400 alii
1219 3353 1328 3416 postiae
1350 3352 1468 3401 viderunt

270 3461 324 3494 eum
343 3444 472 3492 incudem
490 3457 567 3490 earne
585 3442 611 3489 in
630 3456 679 3503 quo
697 3445 755 3488 erat
779 3443 869 3495 osteor
894 3444 919 3488 et
941 3440 1012 3487 intra
1031 3438 1204 3502 quadraginta
1226 3439 1281 3486 dies
1300 3441 1361 3501 post
1384 3453 1467 3486 retur·

270 3531 404 3579 rectionem
416 3543 486 3576 mam
501 3527 569 3575 aierit
583 3530 620 3574 eet
632 3525 767 3589 discipulis
784 3526 844 3582 eriis,
864 3528 889 3573 et
906 3525 926 3572 ii
944 3540 1027 3572 omnes
1044 3515 1161 3572 siderali
1179 3523 1221 3571 abi
1239 3523 1354 3571 aseendit
1371 3524 1397 3571 iri
1414 3539 1467 3571 coe·

271 3616 322 3665 him
345 3631 398 3663 eom
421 3629 513 3677 mapsa
533 3616 668 3676 potestate.
705 3613 789 3675 Atque
810 3627 856 3674 epo
877 3612 929 3660 eoio
952 3627 1006 3659 earu
1029 3626 1080 3659 eeee
1103 3626 1187 3658 verum
1209 3609 1289 3658 dmm.
1328 3608 1378 3658 Sed
1400 3611 1466 3667 aeni,

269 3703 362 3762 liumus
384 3700 454 3749 orato
475 3699 529 3747 eius
545 3696 678 3760 discipuli,
701 3700 727 3744 et
744 3713 828 3744 eamne
846 3700 870 3744 et
887 3696 1041 3744 ulciscamur
1058 3711 1112 3743 eum
1129 3697 1155 3743 et
1171 3693 1299 3743 deleamus
1315 3709 1398 3743 omnes
1415 3695 1468 3743 eius

271 3788 386 3837 inimicos
403 3786 433 3834 de
451 3785 510 3832 viva
528 3787 612 3840 terra,
634 3786 663 3830 eit
680 3796 763 3830 omnes
779 3781 896 3829 sationes
912 3781 939 3828 ia
956 3784 1083 3842 posterum
1101 3783 1252 3842 eopnoeount
1272 3782 1298 3827 et
1319 3784 1466 3842 apweeast,

270 3887 392 3938 nusquarr
410 3872 436 3918 in
455 3869 532 3918 terrie
549 3868 655 3917 similem
673 3868 726 3916 eiue
744 3881 889 3930 quemquam
907 3867 1065 3928 apparuisse.

361 3954 401 4013 12.
439 3962 549 4011 Consilio
573 3967 655 4010 autem
678 3962 741 4009 inito
767 3961 845 4021 (liaeo
870 3975 901 4008 ex
927 3959 991 4007 Amb
1016 3962 1094 4016 sunt3
1123 3958 1179 4006 Von
1205 3963 1327 4021 corrupte
1352 3958 1389 4005 nil
1415 3957 1467 4005 nisi

274 4049 355 4113 Nato)
374 4075 384 4085 ·
402 4065 466 4113 quae
487 4049 583 4096 dieitur
601 4045 760 4108 Burpidallo
778 4044 855 4106 (Amb
875 4044 1004 4107 turpidal)
1023 4069 1033 4079 ·
1051 4049 1108 4092 eunt
1132 4043 1218 4091 ualde.-
1242 4043 1367 4091 similiter
1384 4040 1467 4097 ASax,

273 4136 323 4185 nisi
343 4134 414 4197 quod
434 4148 488 4182 nou
508 4133 589 4181 habet
608 4148 671 4194 quoe
693 4131 744 4179 die.
765 4130 875 4191 Burpirt
900 4133 904 4172 1
931 4129 999 4177 Time
1016 4128 1160 4177 Archelauo
1180 4133 1238 4176 otc:
1267 4125 1341 4174 ASux
1360 4127 1397 4174 Et
1416 4125 1467 4174 He·

232 4208 236 4216 ⁸
271 4219 346 4269 rodes
369 4235 415 4266 rex
439 4219 477 4265 ito
499 4218 644 4280 timefactus
667 4220 705 4263 est
728 4220 755 4263 ut
777 4216 875 4263 diecret
896 4213 1024 4261 Archelao
1044 4212 1106 4277 silio
1130 4227 1175 4261 ereo
1198 4217 1240 4260 etc
1265 4209 1270 4273 Ι
1293 4211 1380 4258 iudico
1401 4209 1468 4258 iliud

273 4321 303 4353 ex
322 4304 402 4362 Arnb;
421 4304 479 4351 Van
498 4302 585 4351 iudica
602 4317 655 4349 eum
671 4300 675 4361 Ι
690 4300 835 4362 eoepinooit
853 4328 862 4337 ·
880 4302 994 4346 uiortuue
1012 4312 1043 4346 ax
1056 4297 1128 4355 Ven3
1147 4296 1213 4345 Amb
1232 4296 1387 4345 aumentaoit
1405 4293 1468 4356 (uio)

273 4390 386 4438 lanceam
408 4404 478 4436 mam
500 4391 525 4436 et
540 4385 606 4447 fixit
626 4401 680 4435 eom
701 4386 727 4433 in
747 4387 830 4441 terro,
853 4387 878 4432 et
894 4384 1003 4432 iactavit
1021 4398 1047 4432 ee
1064 4398 1140 4446 super
1157 4397 1211 4431 eam
1229 4385 1254 4431 et
1271 4383 1391 4430 morleu.
1429 4377 1467 4428 Si·

272 4476 372 4525 militer
390 4473 475 4523 ASox.

359 4565 400 4612 1³.
439 4561 522 4611 lilius
545 4564 628 4611 autem
652 4589 661 4600 ·
685 4559 858 4608 concluserunt
882 4556 946 4621 (eio;
975 4556 1068 4607 deesse
1093 4555 1195 4622 aliquid
1220 4552 1337 4616 videtur)
1361 4578 1372 4589 ·
1395 4552 1471 4602 annia

272 4655 377 4715 reptem:
401 4648 477 4699 ASax
498 4648 536 4698 Et
557 4646 701 4698 Archelaus
715 4646 792 4713 fliius
815 4646 869 4695 eius
892 4645 959 4694 uenit
983 4659 1037 4694 rum
1061 4642 1123 4698 aliie
1146 4641 1246 4708 rapidae
1266 4641 1309 4706 qui
1329 4639 1471 4705 reprobant
