3458 5640
318 607 381 678 420
679 607 805 659 avaro.
824 606 1000 658 siconem
1019 608 1106 659 rans
1125 608 1162 659 11.

320 761 377 844 qui
401 781 457 826 eos
479 758 638 844 viderant,
664 765 820 844 rogantes
842 764 880 825 ut
903 760 1120 844 dignarentur
1142 759 1253 825 venire
1276 757 1317 823 ad
1341 779 1405 823 eos.
1451 758 1518 845 Qui

319 871 493 950 pergentes
530 865 783 937 ambulaverunt
817 865 905 931 circa
936 887 1065 932 omnem
1101 866 1268 950 regionem
1298 863 1452 930 Iordanis
1484 872 1518 930 et

320 970 492 1053 montium,
515 976 549 1035 et
572 989 637 1035 non
659 970 864 1036 inuenientes
888 989 943 1036 eos
966 969 1226 1036 revertebantur.

406 1091 480 1155 ἘΙ
507 1112 582 1155 ecce
610 1092 719 1156 subito
747 1112 788 1156 ex
816 1096 928 1156 monte
950 1091 1113 1156 Amalech
1140 1092 1297 1175 apparuit
1319 1090 1517 1156 descendeu-

318 1196 400 1260 tium
428 1197 572 1278 plurima
600 1196 791 1279 multitudo,
824 1197 920 1280 quasi
949 1195 1120 1261 duodecim
1152 1195 1244 1260 milia
1270 1195 1428 1278 virorum,
1459 1196 1517 1279 qui

319 1318 391 1360 cum
424 1297 555 1362 douduo
587 1302 811 1362 surrexerunt
861 1296 928 1383 Qui
959 1302 1232 1381 recognoscentes
1263 1297 1383 1362 ibidem
1415 1290 1517 1380 plu'ri-

320 1423 394 1466 mos
418 1424 483 1467 non
506 1408 688 1485 potuerunt
711 1403 757 1468 eis
781 1402 957 1486 quicquam
980 1402 1072 1485 loqui
1095 1424 1175 1485 prae
1198 1423 1317 1484 pavore
1340 1407 1374 1466 et
1391 1402 1516 1466 visione

319 1506 483 1587 angelica,
511 1511 741 1590 steteruntque
763 1506 881 1590 procul
903 1506 1071 1571 intuentes
1095 1512 1129 1570 et
1150 1505 1321 1571 audientes
1344 1526 1413 1586 eos,
1435 1525 1516 1588 quo-

319 1609 414 1674 modo
437 1610 675 1694 gradiebantur
705 1603 884 1695 psallentes
912 1617 1013 1694 atque
1042 1608 1206 1676 dicentes:
1238 1609 1434 1676 Resurrexit
1460 1609 1515 1675 do·

319 1711 427 1776 minus
450 1713 630 1777 amortuis
653 1713 738 1777 sicut
760 1711 907 1777 dixerat:
940 1712 1124 1777 exultemus
1153 1717 1187 1793 et
1213 1712 1373 1777 laetemur
1396 1732 1516 1792 omner,

319 1813 476 1895 quoniam
499 1813 569 1897 ipse
592 1821 711 1898 regnat
732 1814 765 1878 in
789 1819 968 1880 aeternum.
1012 1813 1107 1880 Tunc
1131 1814 1331 1879 admirantes
1347 1814 1405 1896 qui
1427 1813 1516 1877 missi

319 1915 451 1981 suerent
478 1939 560 2000 prae
588 1939 711 2001 pavore
740 1917 930 1984 ceciderunt
958 1919 993 1984 in
1020 1924 1158 2002 terram,
1186 1924 1220 1982 et
1249 1922 1444 2000 receperunt
1467 1936 1517 1979 re·

320 2040 477 2103 sponsum
500 2021 542 2086 ab
565 2021 648 2104 ipsis
671 2027 708 2085 ut
728 2019 896 2087 Karinum
919 2026 953 2085 et
967 2019 1128 2086 Loncium
1151 2021 1185 2085 in
1209 2019 1322 2084 domos
1345 2040 1421 2084 suas
1443 2040 1516 2102 per-

321 2122 499 2203 quirorent

408 2240 502 2327 ⁷Qui
534 2247 748 2325 exsurgentes
779 2247 997 2325 perrexerunt
1027 2241 1069 2308 ad
1101 2241 1214 2307 domos
1244 2261 1372 2322 eorum,
1405 2245 1439 2306 et
1469 2241 1517 2305 in·

306 2352 481 2412 uenerunt
504 2368 559 2412 eos
583 2347 725 2412 orationi
749 2368 878 2414 vacare.
920 2347 968 2414 Et
990 2347 1154 2413 intrantes
1176 2345 1218 2413 ad
1240 2367 1296 2412 cos
1323 2346 1417 2430 proni
1446 2366 1516 2410 cor·

319 2459 457 2519 ruerunt
483 2453 517 2518 iu
547 2460 670 2520 terram
698 2453 883 2519 salutantes
912 2474 981 2539 eos,
1013 2460 1047 2518 et
1074 2453 1176 2519 erecti
1202 2452 1373 2519 dixerunt:
1404 2452 1517 2517 Amici

320 2557 386 2642 dei,
418 2560 525 2624 omnis
558 2558 734 2624 multitudo
758 2556 959 2624 Iudaeorum
987 2579 1046 2624 nos
1069 2557 1261 2624 direxerunt
1288 2556 1428 2642 advos,
1459 2578 1516 2622 au·

319 2662 446 2728 dientes
478 2663 565 2747 quod
599 2662 792 2729 surrexistis
821 2685 841 2729 a
871 2662 1026 2746 mortuis,
1056 2667 1209 2746 rogantes
1240 2669 1273 2728 et
1304 2661 1516 2728 obsecrantes

315 2787 373 2831 ros
404 2772 441 2831 ut
463 2767 604 2831 veniatis
633 2766 675 2831 ad
703 2787 771 2850 eos,
799 2771 837 2831 ut
863 2767 1006 2831 sciamus
1030 2785 1142 2830 omnes
1164 2765 1330 2848 magnalia
1352 2764 1404 2829 dei
1428 2784 1513 2847 quae

316 2869 407 2934 facta
433 2875 511 2934 sunt
534 2870 622 2935 circa
645 2891 705 2935 nos
728 2871 933 2953 temporibus
957 2870 1088 2935 nostris.
1133 2867 1199 2954 Qui
1222 2869 1334 2933 statim
1356 2874 1439 2933 nutu
1461 2868 1513 2933 dei

318 2980 553 3058 consurgentes
583 2981 745 3040 venerunt
777 2997 850 3040 cum
881 2975 979 3057 ipsis,
1011 2981 1045 3040 et
1075 2975 1284 3039 intraverunt
1313 2993 1513 3056 synagogam

317 3100 440 3144 eorum.
484 3079 577 3144 Tunc
609 3080 783 3144 multitudo
815 3079 1015 3144 Iudaeorum
1050 3100 1124 3142 cum
1156 3072 1380 3142 sacerdotibus
1409 3077 1514 3142 libros

316 3180 397 3263 legis
425 3187 606 3262 posuerunt
636 3181 670 3243 in
703 3181 854 3244 manilms
886 3200 1016 3260 eorum,
1048 3178 1349 3262 adiuraveruntque
1372 3198 1428 3242 eos
1456 3198 1516 3261 per

317 3282 413 3349 deum
436 3283 537 3350 Holoi
566 3290 599 3349 et
626 3284 722 3350 deum
745 3284 878 3349 Adonai
912 3289 945 3348 et
976 3304 1036 3366 per
1065 3282 1171 3365 legem
1202 3289 1236 3348 et
1262 3281 1439 3367 prophetas
1468 3281 1515 3346 di-

319 3581 432 3630 asrdotss
449 3584 474 3629 et
491 3579 596 3631 benitas
615 3584 620 3644 Ι
640 3580 751 3630 rabbites
769 3596 828 3629 curn
847 3593 880 3630 ac
900 3615 928 3629 ..
948 3593 964 3630 a
984 3585 1036 3629 das
1055 3578 1059 3642 Ι
1078 3596 1133 3644 rap.
1153 3579 1182 3640 (a
1200 3577 1254 3642 om)
1271 3585 1300 3628 at
1317 3579 1387 3644 diga.
1406 3577 1461 3629 aea.
1480 3579 1514 3629 ad

318 3681 360 3716 scs
378 3682 436 3716 cum
455 3679 491 3718 ΑΒ
511 3702 539 3717 ..
561 3681 575 3718 c
594 3683 635 3716 om
652 3668 656 3729 Ι
673 3685 687 3718 a
703 3666 877 3729 peransbalaa.
897 3682 990 3715 oasruua
1009 3667 1079 3714 eirca
1096 3667 1222 3729 raptorem

404 3764 429 3813 6.
467 3763 590 3812 Amalech
612 3779 670 3812 cum
693 3778 709 3814 s
729 3798 759 3813 ..
780 3776 796 3812 s
821 3762 918 3820 Malos,
943 3775 958 3813 c
982 3761 1090 3812 Maura.
1133 3761 1175 3812 Cf.
1199 3777 1278 3826 supra
1297 3762 1397 3828 lbusng.
1419 3762 1513 3813 Nicod.

320 3850 348 3902 P.
368 3850 388 3900 l.
413 3866 507 3914 graece
526 3867 543 3900 a
566 3845 636 3908 xlv,
656 3854 681 3900 1.
707 3868 732 3915 p.
752 3853 823 3908 242..
848 3851 912 3899 item
936 3850 1021 3899 latius
1046 3866 1107 3915 pag.
1127 3851 1186 3899 350.
1223 3849 1264 3898 lbi
1283 3864 1300 3901 a
1320 3848 1442 3910 Massbre,
1466 3850 1515 3898 alli

319 3939 410 3985 cocart
428 3951 482 3983 sam
501 3935 631 3993 Amalech,
650 3948 667 3985 Β
686 3936 801 3985 Mambre
819 3937 871 3984 sias
888 3934 992 3983 Malecb
1011 3934 1015 3999 Ι
1036 3949 1054 3986 a
1075 3934 1126 3997 Qus·
1143 3938 1169 3983 st
1184 3950 1286 3998 recogn.
1308 3934 1313 3998 Ι
1331 3950 1429 3998 pavore
1448 3970 1455 3984 .
1471 3971 1478 3984 .
1497 3951 1514 3987 Δ

319 4024 410 4070 timore
426 4022 430 4084 Ι
445 4022 570 4070 deserentes
588 4057 618 4072 ..
639 4037 655 4072 Δ
674 4022 727 4072 add
745 4026 769 4070 st
787 4022 900 4070 uidentes
920 4019 924 4086 Ι
946 4036 980 4072 ac
999 4037 1040 4069 om
1059 4039 1101 4070 sos
1121 4021 1126 4084 Ι
1147 4033 1163 4070 Β
1181 4022 1247 4071 siaa
1263 4022 1331 4071 aisa
1351 4022 1356 4082 Ι
1376 4035 1391 4071 c
1409 4037 1451 4070 om
1470 4023 1514 4070 ad·

319 4106 442 4155 miranter
465 4105 470 4165 Ι
494 4110 520 4155 et
540 4122 623 4169 recep.
643 4123 711 4169 resp.
732 4107 763 4155 ab
787 4107 834 4168 s'pr.
860 4123 917 4154 cum
937 4119 966 4167 a;
992 4107 1054 4155 item
1074 4122 1091 4157 a
1109 4108 1155 4154 boa
1173 4106 1204 4154 ab
1222 4107 1259 4154 es‘s
1278 4122 1344 4168 resp.
1363 4108 1517 4170 accipiesdes

320 4228 349 4242 ..
369 4206 384 4242 c
401 4208 460 4240 aem
478 4193 567 4241 ascribi
585 4197 644 4241 sual
662 4193 692 4240 ab
711 4192 801 4254 asspelo
820 4191 916 4239 ‹lorrss'ai
934 4192 977 4254 qai
994 4190 1102 4239 elevavit
1120 4207 1163 4239 eos
1180 4208 1197 4237 a
1214 4194 1286 4240 terra
1301 4193 1306 4249 Ι
1321 4195 1349 4240 at
1366 4216 1376 4226 ·
1396 4195 1514 4255 perpas'r.

320 4292 377 4324 curru
397 4287 431 4326 uc
451 4311 480 4325 ..
501 4292 517 4326 s
537 4276 657 4324 Casinam
675 4281 700 4324 st
717 4275 834 4324 Loncium
854 4276 880 4321 irs
897 4276 983 4322 clausos
1001 4290 1061 4322 saar
1077 4275 1203 4337 exquisite

404 4372 429 4420 7.
467 4386 560 4418 vacare
583 4385 641 4418 eum
660 4382 693 4419 Bc
713 4405 742 4418 ..
764 4384 780 4419 a
799 4371 938 4428 varradas!
963 4367 1167 4418 cresalatantas
1186 4368 1190 4431 Ι
1211 4367 1296 4416 Amici
1312 4369 1354 4417 dei
1372 4383 1430 4417 cum
1449 4380 1465 4418 e
1485 4404 1515 4417 ..

319 4471 354 4509 sn
373 4474 415 4507 our
436 4461 440 4519 Ι
460 4474 477 4510 Δ
496 4458 627 4507 audientes
644 4474 689 4506 cos
707 4475 723 4505 a
741 4457 847 4506 arorlus's
864 4457 1000 4505 suscitatos
1023 4454 1028 4519 Ι
1053 4459 1114 4506 esst
1131 4455 1268 4520 digamiae
1286 4456 1370 4505 osnirs
1394 4454 1398 4518 Ι
1422 4459 1450 4503 sl
1468 4459 1515 4506 sci.

319 4560 384 4594 arura.
405 4543 433 4606 (a
452 4561 494 4593 our
513 4544 591 4609 oasa.)
611 4559 669 4593 eum
688 4556 723 4595 aa
743 4580 749 4594 .
769 4579 775 4592 .
796 4557 811 4594 c
829 4548 856 4591 al
876 4560 926 4605 per
944 4559 987 4592 aas
1004 4543 1157 4593 edoceantur
1180 4541 1185 4605 Ι
1209 4546 1282 4607 temp.
1302 4547 1383 4592 nostr.
1403 4558 1462 4592 curn
1481 4554 1516 4594 AB

320 4668 350 4683 ..
371 4646 386 4684 c
404 4632 547 4682 hisdiebus
566 4634 571 4694 Ι
591 4637 653 4681 asta
671 4632 713 4681 des'
732 4668 761 4682 ..
782 4645 799 4682 a
817 4648 873 4688 om,
895 4630 982 4682 ondd
1000 4630 1083 4680 edocti
1103 4632 1108 4695 Ι
1129 4633 1248 4680 cremat
1266 4630 1293 4693 (a
1312 4629 1364 4679 add
1383 4628 1418 4678 ad
1435 4629 1490 4693 sos)
1507 4655 1517 4665 ·

319 4723 444 4773 intranea.
464 4721 492 4784 (a
511 4719 647 4783 intrantes)
665 4746 677 4756 ·
695 4725 754 4769 lanc
772 4721 800 4783 (s
819 4720 880 4768 tulis
897 4721 989 4783 araris)
1008 4720 1144 4769 srsalts'tado
1161 4745 1171 4755 ·
1190 4718 1270 4768 libros
1288 4718 1352 4781 lepis
1369 4717 1397 4780 (a
1417 4717 1476 4768 libr.
1493 4723 1517 4767 st
