3458 5640
576 581 811 633 avuncunlum
829 580 976 630 ruoitla
994 580 1164 632 LATINUM.
1192 580 1247 630 XV.
1452 579 1513 645 179

314 729 414 795 Dixit
432 735 549 795 autom
564 729 666 796 Iesus
689 728 731 793 ad
748 735 892 795 matrem
907 728 1023 812 pueri:
1055 727 1155 794 Tolle
1173 727 1282 794 filium
1299 734 1397 795 tuum
1419 737 1455 796 et
1470 730 1514 796 da

315 833 347 898 ei
364 832 472 898 ubera
488 840 523 899 ot
538 832 723 900 recordare
740 832 818 897 mci.
851 833 862 866 ’
878 830 1051 900 Videntes
1067 836 1184 897 autem
1198 832 1320 898 turbae
1337 833 1514 900 hocmira

315 938 429 1003 culum
455 937 632 1003 dixerunt:
672 936 886 1003 inveritate
914 934 1031 1001 inians
1059 935 1127 1001 iste
1154 936 1318 1004 caelestis
1344 943 1413 1005 est:
1445 938 1514 1004 iam

315 1042 405 1108 onim
426 1042 545 1127 plures
569 1043 702 1108 animas
724 1039 887 1107 liberavit
908 1045 1071 1123 amorto,
1096 1045 1132 1106 et
1153 1040 1267 1108 salvos
1289 1040 1375 1109 iecit
1393 1063 1513 1110 ornnes

315 1154 494 1231 sperantes
511 1146 547 1210 in
565 1168 613 1211 se.

398 1252 409 1284 ³
427 1247 571 1316 Scribae
590 1255 624 1315 et
639 1248 822 1314 Pharisaei
840 1247 1005 1314 dixerunt
1023 1249 1066 1313 ad
1082 1247 1247 1314 Mariam:
1279 1247 1333 1313 Tu
1350 1269 1387 1314 es
1403 1256 1515 1315 mator

313 1353 415 1417 istius
435 1349 606 1416 infantis?
643 1352 759 1416 Maria
774 1357 890 1416 autem
907 1351 1009 1414 dixit:
1041 1351 1133 1420 Vero
1152 1372 1215 1433 ogo
1237 1370 1322 1415 sum.
1355 1350 1404 1414 Et
1420 1350 1514 1416 dixe·

313 1460 394 1520 ruut
409 1453 453 1519 ad
465 1475 555 1520 eam:
576 1453 691 1519 Beata
706 1475 743 1519 es
760 1453 1038 1534 intermulieres,
1057 1451 1512 1536 quoniambencdixitdcus

314 1558 464 1623 fructum
485 1558 616 1623 ventris
638 1558 706 1640 tui,
733 1556 825 1641 qnod
847 1557 952 1622 talem
973 1555 1164 1640 gloriosum
1192 1555 1362 1621 infantem
1385 1561 1421 1621 et
1441 1555 1512 1622 tale

314 1661 442 1728 donum
458 1663 653 1747 sapientiae
665 1662 764 1728 dedit
778 1662 844 1727 tibi
862 1660 964 1745 quale
982 1659 1319 1744 nunquamvidimus
1336 1680 1401 1726 uec
1417 1660 1514 1726 audi·

313 1766 434 1832 vimus.
480 1768 491 1800 ⁴
509 1765 669 1832 Surrexit
683 1766 784 1832 Iesus
808 1770 844 1831 et
859 1771 1001 1831 secutus
1023 1768 1076 1830 est
1092 1769 1236 1829 matrem
1253 1786 1360 1830 suam.
1398 1763 1515 1831 Maria

301 1877 432 1936 autem
449 1868 609 1936 servabat
633 1871 749 1935 omnia
769 1869 805 1934 in
829 1868 932 1935 corde
954 1890 1016 1932 suo
1035 1872 1167 1951 quanta
1188 1866 1274 1934 fecit
1289 1868 1391 1933 Iesus
1414 1868 1514 1952 signa

314 1995 440 2057 magna
469 1973 505 2037 in
530 1973 678 2057 populo,
708 1971 864 2037 sanando
896 1970 1052 2035 infirmos
1077 1970 1217 2036 multos
1263 1970 1364 2035 Iesus
1397 1975 1513 2036 autem

315 2075 494 2140 crescebat
519 2080 654 2140 statura
679 2079 714 2140 ct
739 2073 928 2158 sapientia,
955 2079 990 2138 et
1016 2073 1217 2156 omnesqui
1242 2072 1409 2139 videbant
1435 2094 1514 2138 cum

314 2178 558 2261 glorificabant
574 2176 676 2242 doum
691 2183 826 2260 patrem
843 2177 1128 2259 omnipotentem,
1153 2177 1213 2259 qui
1233 2175 1512 2242 estbenedictus

314 2281 351 2345 in
368 2282 487 2347 secula
504 2281 711 2362 seculorum,
732 2301 843 2344 amon.

398 2385 500 2451 Post
523 2384 624 2449 hacc
650 2384 785 2450 omnia
808 2382 986 2448 Thomas
1012 2381 1232 2449 israelita:
1264 2381 1399 2467 Scripsi
1423 2403 1513 2465 quae

313 2487 382 2553 vidi
399 2492 435 2553 et
450 2487 653 2554 recordatus
671 2509 747 2553 sum
763 2485 928 2571 gentibus
946 2492 981 2551 et
997 2485 1166 2551 fratribus
1183 2486 1330 2568 nostris,
1353 2491 1389 2551 ot
1403 2485 1514 2551 multa

313 2591 382 2656 alia
407 2612 495 2674 quae
524 2591 611 2656 fecit
631 2591 749 2672 Iesus,
777 2590 966 2675 quinctus
994 2589 1108 2654 estin
1137 2589 1240 2654 terris
1261 2588 1383 2655 Indae.
1418 2587 1512 2655 Ecce
1568 2607 1570 2611 ’

315 2694 431 2758 omnia
461 2694 549 2759 vidit
578 2694 700 2759 domus
725 2692 838 2759 Israel
869 2715 890 2757 a
917 2692 1028 2776 primo
1060 2713 1171 2776 usqne
1202 2691 1247 2757 ad
1277 2692 1511 2776 novissimum,

316 2802 447 2881 quanta
470 2799 570 2883 signa
591 2803 626 2863 et
650 2797 827 2863 mirabilia
847 2796 933 2862 fecit
954 2797 1055 2863 Iosus
1079 2797 1115 2862 in
1135 2797 1221 2882 ipsis
1243 2796 1342 2864 valde
1363 2796 1458 2865 bona
1477 2803 1513 2865 et

315 2901 506 2969 invisibilia
530 2902 621 2987 patri
651 2924 730 2985 suo,
761 2900 934 2987 quomodo
966 2908 1107 2969 enarrat
1131 2902 1307 2989 scriptura
1332 2907 1453 2971 sancta
1478 2909 1514 2971 ct

316 3187 392 3235 Dixit
403 3189 486 3235 autem
499 3189 550 3234 etc.
586 3179 598 3211 ¹
615 3184 734 3234 Videam
745 3189 829 3234 cutem
841 3185 939 3250 turbae,
957 3185 1172 3235 amnesamnes
1185 3211 1193 3222 ·
1206 3168 1369 3250 salcossocit
1380 3202 1463 3236 cmm
1474 3203 1511 3251 sp.

316 3287 387 3320 aare.

383 3359 446 3405 det
463 3359 487 3403 4.
515 3355 588 3403 Haec
607 3355 645 3404 eis
663 3355 829 3417 respondent
847 3371 915 3418 quse
934 3371 1027 3419 evang.
1046 3355 1138 3404 Thom.
1162 3355 1254 3405 Graec.
1271 3358 1293 3404 Α
1312 3355 1387 3414 XIX,
1408 3358 1471 3407 det
1487 3357 1511 3406 5.

314 3440 404 3489 babet.
429 3439 498 3488 Item
511 3441 546 3487 cf.
559 3438 777 3488 Pseudo-Metti.
790 3440 844 3488 XL.
861 3455 892 3488 ox
905 3442 937 3488 B.
961 3439 1059 3490 Eadem
1073 3442 1129 3490 fere
1142 3439 1201 3490 cod.
1216 3441 1273 3490 Por.
1287 3441 1376 3504 capite
1389 3441 1511 3491 XLVIII.

314 3525 344 3586 (i.
358 3541 379 3574 e.
393 3522 528 3584 ultimum)
548 3522 674 3587 praebet,
694 3523 764 3587 quod
782 3524 953 3574 inscribitur:
980 3526 1167 3574 Commendacio
1179 3526 1239 3575 Im
1256 3530 1281 3575 et
1298 3526 1404 3576 Marias
1420 3529 1513 3577 matris

312 3612 373 3659 eiua
398 3608 446 3657 Cui
466 3610 549 3672 ospiti
568 3608 708 3658 antecedit
724 3608 793 3657 illud
807 3609 877 3672 quod
891 3611 1001 3660 titulum
1014 3610 1110 3660 habet:
1139 3611 1246 3672 Quando
1259 3610 1321 3674 (sic)
1334 3608 1406 3661 Iesus
1417 3614 1511 3663 sardi

305 3695 407 3761 flectat
424 3699 449 3743 et
461 3694 621 3743 benedicebat
634 3694 801 3742 convivantes.
826 3694 942 3759 Incipit:
964 3695 1023 3745 Cum
1039 3700 1121 3745 actem
1134 3697 1284 3746 conoesiret.
1309 3697 1382 3756 Quae
1396 3698 1512 3762 quidem,

312 3797 370 3830 cum
384 3795 436 3843 quo
450 3781 556 3844 egregie
570 3780 750 3837 conveniunt,
770 3779 804 3827 ad
817 3780 860 3829 Ps.
873 3781 972 3830 Matth.
986 3785 1069 3846 csput
1080 3781 1212 3832 xxxxll.
1232 3782 1430 3847 adscripsimus.
1461 3785 1512 3835 His

312 3881 389 3914 vero:
415 3864 522 3914 Scribo«
538 3869 562 3914 et
574 3865 711 3913 Pharisaei
724 3869 774 3914 etc.
789 3881 857 3928 quun
871 3865 1048 3929 respondent,
1066 3867 1105 3916 sic
1118 3873 1272 3931 comparata
1285 3873 1362 3917 sunt:
1386 3869 1468 3920 Scrib.
1486 3874 1513 3920 et

310 3952 523 4001 Pharasmanes
539 3952 573 3999 ad
591 3951 690 3998 beatam
701 3951 832 4000 Mariam.-
859 3951 921 4000 lis·
943 3951 1014 4012 Quae
1031 3952 1113 4002 dicit:
1142 3952 1207 4002 ΓΜ
1224 3970 1268 4016 epo
1285 3969 1346 4003 mm.
1376 3953 1426 4016 Qui
1443 3956 1512 4007 diee-

311 4041 370 4085 rrurt
382 4038 416 4085 nd
429 4053 498 4084 eam:
522 4038 569 4085 Be.
585 4052 613 4084 es
630 4052 689 4098 erpo
708 4041 736 4084 trs
753 4037 820 4084 ister
832 4052 915 4085 omnes
925 4037 1045 4086 mulieres
1056 4063 1065 4074 ·
1078 4040 1124 4098 tui,
1137 4040 1181 4103 qui
1197 4043 1286 4088 ettam
1296 4039 1364 4101 plor.
1382 4041 1429 4104 ins.
1441 4041 1513 4091 cedis

311 4123 364 4171 tibi.
391 4123 453 4172 Tale
465 4123 530 4170 enim
541 4123 633 4170 closum
644 4138 700 4186 sap.
713 4138 839 4185 nunquam
852 4123 958 4171 vidimus
970 4141 1022 4173 nec.
1035 4126 1120 4174 audio.
1133 4125 1160 4173 in
1172 4125 1267 4188 aliquo.
1303 4120 1315 4152 ⁴
1326 4127 1418 4175 Maria
1430 4133 1513 4176 autem

310 4207 458 4257 edomabat
478 4208 505 4255 ia
524 4209 600 4257 corde
618 4225 662 4257 suo
680 4213 778 4272 quanta
799 4210 850 4274 cpit
868 4212 918 4260 les.
940 4212 967 4259 is
986 4211 1110 4276 populum
1128 4210 1277 4268 Iudeoram,
1303 4212 1378 4274 signa
1395 4213 1514 4263 videlicet

310 4309 401 4358 tanqua
419 4295 548 4357 operando
565 4299 590 4344 et
609 4295 724 4360 infirmor
738 4297 867 4356 sanando,
884 4302 996 4348 mortuos
1007 4298 1153 4347 mediando
1172 4301 1197 4346 et
1208 4297 1316 4347 virtutes
1327 4297 1456 4361 plurimes
1464 4300 1513 4365 sa·

312 4382 405 4430 rhodo.
435 4381 601 4431 lesu-sautem
615 4382 743 4432 crescebat
761 4384 902 4433 instatura
920 4385 1183 4448 etrepientiaedonc.
1218 4384 1436 4450 Glorificcoerunt
1453 4402 1513 4450 erpo

311 4473 451 4536 omnesqui
468 4477 592 4521 coenant
607 4490 660 4523 eum
678 4475 750 4523 deum
767 4479 867 4537 putrem
883 4474 1088 4536 omnipotentem,
1108 4474 1151 4539 qui
1168 4477 1206 4523 est
1223 4471 1367 4521 benedictus
1382 4473 1410 4521 irs
1427 4472 1514 4523 remla

310 4559 459 4617 seculorum,
472 4575 552 4608 omen.

380 4645 392 4672 ⁸
410 4647 506 4696 omniu:
525 4647 651 4697 socundis
665 4649 734 4698 curis
747 4648 868 4698 additum
883 4651 925 4696 est
939 4643 943 4711 Ι
958 4645 1098 4696 Israelita:
1118 4646 1200 4696 codex
1216 4644 1353 4712 yrmaelita
1366 4642 1370 4710 Ι
1379 4646 1515 4711 fratribus

311 4734 420 4784 ›roseria-
437 4736 500 4785 onte
518 4737 613 4785 metris
631 4738 659 4786 in
678 4735 770 4785 codice
786 4738 828 4786 ost
839 4735 914 4793 mdc,
933 4732 980 4784 sed
994 4733 1103 4798 punctis
1122 4732 1288 4797 improbatur
1309 4730 1313 4800 Ι
1332 4736 1358 4782 et
1374 4733 1515 4783 inadibilia

1243 4816 1298 4867 12·
