3458 5640
266 527 326 590 118
546 531 591 582 ns
610 534 823 586 uarrvrmra
841 537 983 586 61666.
1011 535 1083 588 eir.
1103 538 1177 588 v111.

263 685 479 765 paruissent,
502 682 578 747 sola
592 683 686 767 virgo
704 684 836 750 demini
851 685 965 751 Maria
986 684 1052 751 hec
1074 707 1110 751 66
1131 685 1247 752 facere
1270 710 1338 754 nen
1355 711 1460 774 posse

264 787 459 873 respondit,
482 785 602 853 dicens
624 808 660 853 se
679 788 819 872 quidem
841 795 876 855 et
891 794 1054 874 parentes
1071 812 1152 858 suos
1169 790 1301 858 demini
1318 794 1460 861 servitio

264 892 492 977 mancipasse,
513 897 549 957 et
566 893 712 976 insuper
728 913 764 958 66
781 895 892 977 ipsam
909 892 1048 960 domino
1064 894 1298 978 virginitatem
1314 897 1460 979 vovisse,

265 1018 367 1082 quam
383 1017 569 1081 numquam
579 997 650 1063 viro
668 996 786 1083 aliquo
804 998 1057 1064 commixtionis
1074 1019 1167 1065 more
1179 1001 1318 1084 cognito
1329 1000 1460 1068 violare

262 1101 378 1168 vellet.
401 1099 657 1167 Pontifexrero
675 1102 711 1166 in
729 1102 892 1185 augustia
903 1103 1112 1169 constitutus
1124 1103 1240 1186 animi,
1258 1126 1334 1170 cum
1345 1126 1460 1191 neque

264 1211 385 1272 centra
401 1207 609 1288 scripturam
619 1226 708 1290 quae
723 1205 821 1271 dicit:
841 1204 973 1274 Vovete
991 1212 1026 1272 et
1041 1205 1187 1288 reddite,
1203 1213 1320 1273 votum
1336 1209 1461 1275 infrin-

264 1309 414 1393 gendum
439 1314 595 1393 putaret,
622 1328 735 1392 neque
761 1329 890 1374 morem
915 1310 1012 1394 genti
1036 1311 1211 1376 insuetum
1235 1312 1460 1380 introducere

264 1413 424 1493 auderet,
446 1412 627 1495 praecepit
647 1417 688 1476 61
707 1411 751 1476 ad
767 1411 991 1477 festivitatem
1009 1433 1097 1495 quae
1117 1413 1320 1478 imminebat
1339 1435 1459 1481 omues

264 1536 305 1580 ex
324 1512 580 1598 Hierosolymis
603 1517 639 1579 et
658 1513 782 1580 vicinis
805 1513 892 1580 locis
912 1515 1081 1599 primores
1106 1515 1285 1599 adessent,
1313 1538 1460 1601 quorum

265 1619 412 1685 consilio
434 1618 523 1683 scire
544 1623 667 1700 posset
685 1616 770 1702 quid
793 1615 835 1683 (16
857 1624 927 1683 166
948 1617 1055 1683 dubia
1075 1639 1111 1683 re
1133 1618 1331 1684 faciendum
1353 1629 1458 1688 esset.

264 1719 401 1807 ³Qued
427 1742 504 1788 cum
528 1719 642 1804 fieret,
669 1721 829 1787 omuibus
854 1721 890 1786 in
915 1742 1093 1788 commune
1121 1723 1255 1807 placuit
1280 1723 1458 1792 dominum

263 1826 453 1912 superbae
474 1846 511 1892 re
534 1846 610 1892 esse
633 1824 895 1892 consulendum.
924 1825 974 1892 Et
993 1828 1128 1893 cunctis
1146 1827 1285 1911 quidem
1308 1832 1459 1898 orationi

263 1928 548 1994 incumbentibus
564 1928 722 2013 pontifex
738 1926 782 1994 ad
796 1928 1048 1994 consulendum
1059 1929 1161 1995 deum
1179 1951 1219 1996 ex
1235 1952 1328 1999 more
1345 1954 1460 2000 ecces-

263 2035 323 2098 sit:
347 2055 411 2099 nee
427 2054 537 2113 mera,
561 2033 696 2097 cunctis
718 2032 942 2097 audientibus
959 2033 1001 2097 de
1019 2034 1160 2098 oraculo
1184 2041 1219 2097 et
1235 2034 1277 2099 de
1293 2037 1461 2118 propitia·

263 2137 345 2201 terii
369 2135 446 2202 loco
467 2156 531 2200 vox
551 2134 644 2200 facta
665 2139 732 2216 est,
759 2135 950 2201 secundum
970 2135 1097 2201 Esaiae
1118 2137 1320 2201 vaticinium
1346 2140 1460 2222 requi·

263 2238 408 2304 rendum
426 2258 501 2302 esse
519 2238 575 2302 cui
587 2239 683 2321 virgo
700 2236 763 2302 illa
779 2237 1011 2303 commendari
1029 2243 1064 2302 et
1081 2237 1286 2320 desponsari
1303 2238 1459 2306 deberet.

262 2341 394 2426 Liquet
410 2341 501 2405 enim
512 2339 652 2405 Esaiam
669 2340 799 2405 dicere:
820 2339 1034 2424 Egredietur
1048 2340 1145 2424 virga
1161 2340 1202 2406 de
1220 2340 1337 2407 radice
1349 2341 1458 2426 Iesse,

263 2451 298 2511 et
313 2444 376 2510 flos
394 2443 436 2509 de
453 2442 570 2509 radice
588 2445 663 2508 eius
680 2442 857 2527 ascendet,
879 2448 914 2509 et
929 2444 1128 2527 requiescet
1143 2465 1249 2528 super
1264 2467 1342 2510 eum
1359 2447 1460 2529 spiri-

261 2557 318 2617 tus
336 2550 478 2631 domini,
496 2548 641 2634 spiritus
659 2548 852 2633 sapientiae
871 2554 906 2614 61
921 2547 1134 2632 16161166166,
1157 2548 1300 2632 spiritns
1318 2550 1459 2616 consilii

262 2663 298 2722 et
316 2655 551 2738 fortitudinis,
576 2655 720 2739 spiritus
738 2653 906 2720 scientiae
929 2660 964 2719 et
979 2654 1137 2738 pietatis,
1163 2659 1198 2719 et
1213 2654 1364 2738 replebit
1380 2677 1458 2722 eum

262 2761 406 2845 66161166
428 2759 563 2825 timoris
585 2756 727 2824 donnini.
772 2755 1004 2824 ‘Secundum
1024 2757 1113 2822 hanc
1137 2779 1217 2842 erge
1239 2757 1458 2843 prophetiam

262 2868 406 2928 cunctos
429 2862 590 2929 dedomo
614 2868 649 2925 et
670 2859 803 2925 familia
818 2858 931 2924 David
949 2861 1073 2943 nuptui
1095 2859 1229 2925 babilas
1254 2883 1321 2926 nen
1339 2865 1458 2927 ceniu-

179 2963 188 2974 '
263 2967 483 3052 gatesvirgas
500 2986 580 3031 suas
597 2965 765 3031 allaturos
782 2962 825 3030 ed
842 2964 950 3030 altare
961 2964 1145 3048 praedixit,
1164 2971 1199 3030 et
1209 2966 1458 3051 cuiuscumque

261 3077 343 3156 post
359 3070 560 3137 allationem
570 3067 834 3152 virgulaflorem
845 3069 1077 3152 germinasset
1093 3073 1128 3134 et
1143 3070 1178 3132 in
1191 3071 1265 3135 eius
1279 3072 1457 3138 cacumine

262 3176 406 3260 spiritus
429 3174 560 3241 demini
581 3174 617 3238 in
638 3173 754 3256 specie
777 3172 957 3238 columbae
980 3172 1211 3256 consedisset,
1238 3174 1351 3257 ipsum
1378 3196 1455 3242 6666

264 3280 319 3346 661
335 3281 430 3365 virge
449 3276 681 3345 commendari
698 3282 733 3343 61
749 3276 953 3360 desponsari
972 3276 1125 3342 deberet.

737 3513 857 3581 06666
879 3514 982 3583 VIII.

350 3673 464 3738 ¹Erat
483 3661 597 3738 autem
624 3671 716 3735 inter
738 3674 871 3735 ceteros
888 3667 1017 3752 Ioseph
1038 3667 1138 3734 bomo
1164 3667 1205 3733 de
1229 3668 1328 3735 doruo
1353 3677 1388 3736 et
1408 3671 1457 3737 fa-

264 3780 361 3846 milia
375 3777 489 3844 David
510 3775 738 3863 grandaevus:
762 3774 897 3840 cunctis
917 3794 997 3840 vere
1014 3773 1126 3858 virgas
1149 3795 1229 3838 suas
1251 3775 1346 3840 iuxta
1367 3776 1457 3841 ordi·

264 3907 343 3952 nem
360 3880 600 3949 deserentibus
620 3880 715 3946 selus
732 3880 806 3964 ipse
824 3899 920 3944 suam
937 3878 1118 3943 subtraxit.
1155 3876 1256 3943 Unde
1274 3900 1350 3945 cum
1368 3879 1455 3946 nibil

264 3990 401 4056 divinae
426 3986 501 4054 voci
528 4006 717 4052 consonum
748 3985 982 4068 apparuisset,
1014 3982 1171 4065 pontifex
1200 3983 1326 4050 iterato
1353 3985 1455 4049 deum

263 4129 476 4140 —-·—·-··
1284 4118 1297 4145 0

332 4200 356 4248 2.
376 4199 434 4247 Par.
453 4198 539 4247 dicem
553 4195 675 4259 siquidem
688 4197 809 4256 parentes
825 4209 883 4242 cccc
898 4210 925 4242 ee
940 4195 1036 4242 (1661161
1052 4191 1056 4259 Ι
1077 4193 1135 4243 Par.
1152 4194 1276 4259 Pontifex
1293 4196 1320 4242 in
1337 4196 1456 4256 capsella

263 4288 342 4336 animi
355 4285 503 4335 (6661116116
517 4278 521 4347 Ι
535 4281 594 4330 Par.
612 4296 675 4344 quoe
691 4280 774 4344 (116111
788 4281 870 4343 penti:
888 4279 945 4328 Par.
956 4280 1040 4343 pentir

333 4376 356 4422 3.
376 4371 434 4420 Par.
447 4370 474 4418 16
487 4367 607 4417 communi
620 4364 624 4431 Ι
638 4366 746 4415 cunctis:
763 4365 821 4414 Par.
835 4365 925 4414 celarit

333 4466 357 4510 1.
374 4457 465 4523 captui
480 4453 578 4519 1611166
593 4467 643 4502 non
655 4453 815 4515 omapacos:
833 4452 867 4500 cl.
882 4451 923 4498 Pr.
936 4451 1035 4502 Matth.
1049 4450 1128 4508 VIII,
1146 4454 1169 4500 2.
1187 4451 1232 4501 ubi
1250 4455 1293 4501 661
1309 4454 1455 4517 quicumque

263 4549 456 4599 clarescerent
469 4541 473 4609 Ι
488 4541 546 4591 Par.
559 4541 592 4588 cd
602 4539 687 4589 altare
699 4538 828 4588 allaturos

331 4631 406 4690 VIII,
426 4634 449 4681 1.
475 4626 515 4678 01.
528 4627 572 4678 Ps.
584 4626 683 4676 blattb.
698 4625 777 4686 VIII,
796 4629 820 4674 3.
840 4627 863 4673 11.

332 4723 356 4769 1.
374 4734 448 4769 aare:
465 4717 524 4766 Par.
541 4715 625 4780 igitur
638 4711 642 4779 Ι
655 4713 837 4779 deserentibus:
855 4710 913 4762 Per.
925 4709 1086 4778 offerentibus
1099 4706 1104 4774 Ι
1119 4709 1268 4760 ediderunt
1280 4711 1324 4774 qui
1334 4711 1457 4774 cirpiaem
