3458 5640
336 611 477 658 xxxvm
796 594 1070 646 Pnonnuounua

338 745 425 810 inter
447 745 571 826 scripta
592 747 724 810 nomine
747 746 970 828 apostolorum
994 745 1035 810 ab
1058 745 1233 809 haereticis
1257 745 1410 828 evulgata
1422 746 1456 827 ¹),
1479 746 1533 810 hic

338 877 416 923 vero
441 857 568 923 duobus
591 856 821 923 Oatechesium
843 874 977 924 suarum
999 857 1081 923 locis
1103 857 1378 923 Manichaeorum
1401 857 1534 940 scriptis

324 947 542 1052 adnumerat,
564 970 613 1035 ita
628 968 761 1053 quidem
784 974 822 1034 ut
837 969 896 1034 sub
913 970 1044 1034 nomine
1059 969 1207 1034 Thomae
1222 968 1326 1034 latere
1342 968 1433 1034 dieat
1447 968 1533 1034 Tho·

339 1101 424 1145 mam
451 1102 551 1146 unum
582 1101 623 1147 ex
650 1081 759 1146 tribus
787 1080 933 1146 Manetis
962 1081 1131 1164 discipulis
1143 1082 1178 1163 ²).
1228 1080 1321 1167 Quae
1350 1079 1466 1165 Cyrilli
1494 1080 1534 1147 de

340 1198 473 1257 auctore
502 1191 578 1257 libri
606 1193 772 1258 sententia
799 1191 934 1276 longum
963 1214 1106 1259 errorem
1134 1194 1292 1276 praeivit:
1323 1193 1419 1258 multi
1448 1193 1534 1259 enim

341 1324 414 1369 eum
438 1305 542 1369 secuti
565 1311 642 1370 sunt
663 1309 798 1385 veteres,
821 1310 859 1369 ut
879 1304 1079 1371 Leontius
1097 1305 1393 1389 Byzantinus³)‚
1416 1306 1473 1388 qui
1496 1304 1535 1369 de

342 1414 440 1478 sectis
473 1415 606 1497 scripsit
633 1415 768 1478 ineunte
796 1413 865 1479 fere
895 1416 1027 1479 saeculo
1057 1417 1209 1498 septimo,
1241 1422 1274 1479 et
1300 1414 1448 1479 Petrus
1476 1414 1536 1480 Si-

341 1522 454 1587 culus
486 1523 645 1588 historiae
672 1522 944 1589 Manichaeorum
971 1531 1088 1590 auctor
1115 1524 1247 1591 saeculo
1270 1523 1384 1606 IX.⁴),
1416 1525 1536 1608 quibus

342 1638 556 1698 assenserunt
582 1635 669 1699 inter
698 1655 752 1700 eos
776 1634 833 1719 qui
859 1636 983 1701 recenti
1007 1637 1164 1702 memoria
1185 1638 1220 1700 in
1243 1657 1314 1701 enm
1336 1657 1406 1702 rem
1428 1638 1535 1719 inqui·

343 1744 505 1829 siverunt,
528 1744 756 1812 Richardus
780 1746 951 1829 Simon⁶)
976 1754 1010 1812 et
1032 1747 1367 1832 Mingarelliw).
1411 1748 1535 1813 Errare

341 1878 419 1923 vero
434 1855 602 1943 Cyrilium,
623 1865 798 1945 postquam
817 1860 921 1926 allata
937 1867 1014 1926 sunt
1027 1860 1169 1944 Irenaei,
1193 1860 1347 1944 Origenis
1364 1867 1397 1926 et
1410 1860 1536 1927 Pseud·

343 1970 487 2054 origenis
502 1972 700 2053 testimonia,
722 1994 787 2038 non
803 1973 956 2057 estquod
972 1973 1223 2039 demonstretur.
1258 1974 1422 2039 Nimirum
1440 1996 1537 2058 quern

338 2080 398 2168 ille
425 2081 544 2146 librum
573 2082 661 2166 apud
687 2082 903 2148 Manichacus
931 2085 1080 2165 inprimis
1109 2085 1143 2148 in
1171 2106 1233 2149 usu
1256 2086 1361 2168 euseb
1390 2094 1538 2167 noverat,

343 2211 415 2255 eum
439 2191 480 2256 ab
499 2183 616 2258 iisdem
631 2195 846 2275 compositum
863 2215 903 2258 ex
919 2195 1109 2260 coniectura
1124 2195 1360 2260 arbitrabatur.
1390 2195 1537 2260 Thomas

426 2415 449 2482 ¹)
469 2416 510 2468 Cf.
531 2419 594 2468 hiat.
614 2421 709 2469 eccles.
726 2418 776 2479 111,
793 2420 836 2469 25.
870 2414 905 2486 ip'
926 2414 1031 2487 εῑόἑμαι
1053 2415 1172 2488 ἑχοιμεμ
1193 2413 1290 2468 nardo
1308 2432 1343 2468 τε
1360 2412 1476 2468 ταύτασ
1495 2418 1537 2470 καί

341 2500 400 2555 τὰσ
412 2499 536 2575 ὂμόματι
549 2501 613 2574 resep
626 2501 817 2574 ἀωοστόλωμ
830 2501 914 2574 ωρόσ
925 2503 989 2576 τῶμ
1003 2503 1151 2576 αἱρετικῶμ
1164 2504 1403 2576 ωροῴερομέμασ
1415 2508 1537 2574 (aeppo-

342 2587 428 2659 ῲόσ),
449 2585 514 2641 ἦτοι
533 2591 580 2641 mc
595 2589 710 2656 Πέτρου
729 2590 771 2642 καὶ
785 2590 881 2661 Θωμᾶ
901 2592 942 2643 καὶ
957 2591 1076 2645 Ματθία
1094 2589 1113 2644 ei
1133 2591 1175 2645 καί
1193 2609 1284 2664 τψωμ
1302 2587 1388 2660 ωαρὰ
1406 2588 1538 2645 τούτουσ

340 2671 443 2746 ἃλλωμ
463 2675 620 2744 εὐαγγέλια
637 2673 843 2745 ωεριεχούσασ
864 2688 917 2732 ete.

425 2770 449 2835 2)
469 2772 578 2824 Catach.
597 2773 643 2832 IV,
667 2791 692 2838 p.
711 2775 744 2824 66
763 2791 802 2838 aq.
840 2775 925 2825 Oxon.
947 2776 1021 2825 170³.
1057 2770 1116 2823 rain
1142 2770 1174 2824 δὲ
1202 2771 1304 2842 torpino
1331 2767 1473 2823 bruttium
1498 2770 1536 2823 τὰ

342 2854 473 2922 τέσσαρα
492 2854 665 2922 εὐαγγέλια·
701 2851 739 2906 τὰ
758 2855 790 2906 δὲ
807 2851 903 2906 horraei
922 2855 1159 2925 ψευὸεωῑγραῴα
1182 2856 1223 2908 καὶ
1242 2851 1369 2925 ΒλαΒερὰ
1387 2850 1537 2925 τυγχόμει.

345 2938 482 3010 ἐγραψαμ
506 2939 548 2991 καὶ
568 2943 725 3010 Μαμιχαῖοι
750 2937 823 2992 κατὰ
843 2939 958 3011 Θωμᾶμ
982 2937 1170 3012 εὐαγγέλιομ,
1195 2939 1273 3008 ὄωερ
1298 2942 1405 3008 ῶσωερ
1429 2939 1538 3008 εὐωδίᾳ

343 3023 403 3077 reio
426 3023 620 3092 euovvehrxeio
644 3026 864 3097 ωροσωμυμῑασ
887 3025 1042 3095 διαφθείρει
1065 3023 1124 3078 urio
1146 3023 1254 3096 ψυχὰσ
1276 3024 1340 3096 wip
1368 3027 1538 3079 ᾶωλουστὲ-

343 3127 413 3183 ρωμ.
449 3113 558 3166 catech.
577 3115 628 3173 vl,
647 3132 671 3180 p.
688 3118 729 3166 98.
760 3113 863 3183 paceio
881 3110 1116 3184 ὀμαγψωσκὲτω
1134 3109 1169 3165 τὸ
1190 3110 1262 3165 κατὰ
1281 3110 1398 3184 Θωμᾶμ
1418 3112 1539 3180 εὐαγγέ-

343 3205 421 3267 λιομ·
456 3197 491 3250 οὐ
510 3194 566 3267 γάρ
585 3198 664 3269 {arip
685 3195 758 3269 ἑμόσ
775 3198 838 3273 τώμ
859 3199 972 3253 δώδεκα
991 3196 1194 3269 ἁωοστὸλωμ,
1219 3197 1285 3252 ἀλλ’
1307 3196 1381 3270 ἑμόσ
1404 3199 1468 3271 reip
1494 3218 1538 3251 κα·

345 3283 403 3359 xmp
422 3284 510 3357 τριώμ
529 3284 584 3339 τοῦ
604 3279 696 3358 Μᾶμκ
718 3286 872 3359 μαθΗτῶμ.

377 3443 379 3450 ,
428 3384 513 3449 ³)Cf.
526 3387 586 3436 Lib.
601 3387 634 3436 tta
652 3387 735 3437 rectia
754 3387 797 3437 ad.
811 3387 954 3437 honneur.
973 3387 1057 3436 Basil.
1071 3386 1147 3437 1578.
1167 3402 1192 3451 p.
1205 3389 1264 3436 4³2.
1291 3376 1370 3435 οῦτοι
1390 3387 1537 3449 (ἰ.ο.Μα·

346 3471 460 3538 μιχαῖοι)
486 3468 526 3519 καὶ
551 3467 644 3519 813th
666 3463 732 3539 τιμὰ
756 3467 877 3520 &mureto
900 3465 1117 3538 καιμοτομοῦσι.
1151 3465 1270 3533 λέγουσι
1292 3464 1346 3535 γὰρ
1365 3466 1538 3536 εὐαγγιὲλιομ

346 3547 418 3604 κατὰ
437 3549 552 3622 Θωμᾶμ
573 3551 613 3603 καὶ
633 3537 810 3631 (Ι)ίλιωωομ,
829 3549 909 3618 ἅωερ
929 3551 1016 3620 ιἰμεῑσ
1035 3549 1087 3601 οὐκ
1103 3552 1197 3621 ῐσμεμ.

308 3671 312 3687 .
404 3657 408 3663 ·
430 3647 453 3712 ⁴)
473 3647 514 3699 Cf.
531 3648 604 3699 Hiat.
623 3649 739 3698 Manieh.
761 3649 803 3698 od.
824 3648 920 3698 Βιᾱοι.
941 3651 1024 3712 pso.
1052 3644 1192 3697 Materni
1212 3644 1243 3696 δὲ
1261 3641 1372 3696 τούτου
1390 3643 1443 3696 τοῦ
1462 3643 1540 3716 cipri·

342 3730 462 3800 χρίστου
480 3727 647 3803 Μάμεμτοσ
668 3731 810 3802 γεγόμασι
833 3731 956 3783 δώδεκα.
993 3731 1125 3802 Εισίμιοσ
1149 3733 1165 3783 ὁ
1188 3729 1298 3784 τούτου
1320 3727 1471 3798 ὄιὰὁοχοσ,
1496 3730 1538 3784 καὶ

345 3814 462 3887 Θωμᾶσ
481 3816 497 3867 ὁ
516 3812 552 3868 τὸ
572 3816 634 3868 κατ’
656 3813 747 3888 αὐτὸμ
768 3813 951 3887 Μαμιχαῖκὸμ
971 3815 1145 3885 εὐαγγέλιομ
1165 3812 1319 3886 supraque.

428 3901 451 3967 ὗ)
472 3903 512 3956 Cf.
531 3907 615 3956 Nouv.
635 3905 738 3956 observ.
756 3920 802 3955 aur
824 3906 850 3955 le
874 3910 949 3955 texta
971 3904 1007 3953 (iu
1025 3905 1060 3954 N.
1079 3904 1109 3954 Τ.
1130 3920 1156 3967 p.
1175 3906 1199 3954 5.
1218 3934 1228 3945 ·
1255 3903 1283 3953 S.
1304 3904 1400 3969 Cyrtlle
1416 3905 1447 3954 da
1465 3905 1539 3954 «Τοπι-

280 4014 283 4022 ·
344 3992 424 4042 salam
442 4008 459 4040 a
476 3993 589 4043 audone
610 3997 650 4042 eat
666 4008 776 4057 cecrope
794 3993 810 4042 ὰ
827 4009 861 4041 aa
879 3991 986 4056 canipa
1004 3992 1035 4041 de
1053 3990 1154 4040 Monta.
1191 3991 1243 4041 Soa
1262 3992 1417 4056 comagena
1434 4008 1452 4040 o
1468 3993 1539 4042 (Ρω-

344 4077 402 4123 aar
422 4073 484 4137 plata
505 4075 536 4124 da
559 4074 756 4124 aratumblaaca
774 4074 838 4138 qa'a'l
855 4090 873 4122 a
889 4073 948 4123 utcu
966 4075 1071 4122 environ
1088 4074 1122 4123 70
1144 4088 1191 4121 aar
1213 4073 1289 4137 apris
1310 4073 1381 4139 celuy
1403 4074 1467 4137 qn’a'l
1481 4076 1540 4138 snit

346 4160 437 4207 namo·
453 4159 485 4207 da
503 4174 530 4207 ca
548 4158 612 4208 liare
630 4160 782 4224 apocrypha.

321 4244 324 4248 ⁴
428 4241 453 4303 θ)
472 4240 514 4290 Cf.
541 4242 630 4291 Neooa
654 4242 780 4291 Ruecolto
801 4243 914 4304 d'opuac.
937 4242 1026 4290 achat.
1052 4257 1065 4288 a
1083 4239 1188 4305 filoloq.
1217 4245 1239 4290 t.
1259 4238 1318 4288 xu.
1345 4255 1406 4303 pag.
1426 4240 1458 4289 85
1478 4255 1537 4303 sqq.

242 4318 247 4324 ⁵
346 4326 413 4378 Vide
432 4328 510 4377 intra.

431 4407 453 4472 ⁷)
473 4411 554 4461 Uvam
573 4413 679 4476 qnidam
697 4413 914 4463 Manichaeorum
940 4416 1058 4461 tactatur
1080 4412 1161 4461 etiam
1181 4409 1279 4460 Galaaii
1299 4409 1435 4459 daoratnm
1463 4407 1537 4470 511.

346 4496 492 4562 anapalio
509 4496 569 4559 (alii
580 4495 745 4562 mespelium)
763 4499 862 4547 aomina
876 4497 984 4546 Thomas
1002 4495 1114 4559 apostoli
1131 4494 1190 4559 (alii
1205 4492 1356 4556 omittunt),
1374 4494 1463 4559 quibas
1480 4494 1539 4554 (alii

347 4582 570 4649 qaobMoav'otaai
591 4588 709 4639 utuntur.
733 4585 879 4651 apocrypho
900 4582 959 4646 (alii
977 4582 1166 4650 apocrypham).
1201 4581 1268 4632 Vida
1285 4581 1356 4646 apud
1376 4579 1539 4632 Cradnarum

346 4668 398 4720 Zur
416 4669 578 4721 Geachiehta
597 4668 622 4718 d.
635 4668 741 4720 Kanon.
761 4686 788 4735 p.
802 4672 861 4721 216.
