3458 5640
261 546 325 612 480
602 534 605 536 ’
651 550 821 602 vuvmcre
843 551 1067 604 seuvuuorus

262 695 464 763 Nicodemus
489 698 622 762 insimul
651 706 881 764 convenerunt.
924 698 1125 767 Nicodemus
1147 708 1257 787 autem
1280 702 1364 768 dixit
1385 704 1459 788 Ego

266 798 334 865 vidi
356 821 443 885 eum,
473 806 507 865 et
529 800 597 888 scio
620 822 694 866 vere
718 802 796 886 quio
823 803 894 885 ipse
923 809 974 888 est
1000 803 1145 870 salvator
1170 804 1294 872 mundi.
1337 805 1461 890 Ioseph

266 907 376 968 eutem
399 901 482 967 dixit
504 905 534 968 ei
556 904 604 969 Et
625 924 685 988 ego
709 904 845 988 deposui
868 925 942 971 eum
966 907 1006 972 de
1029 928 1125 974 cruce
1147 913 1181 975 et
1202 909 1296 992 posui
1324 929 1398 975 eum
1425 911 1461 976 in

265 1013 474 1075 monumento
506 1030 605 1093 novo,
640 1010 727 1094 quod
759 1017 832 1076 eret
863 1013 1007 1077 excisum
1039 1013 1079 1079 de
1109 1019 1215 1098 petre.
1266 1016 1313 1080 Et
1343 1014 1461 1081 Iudaei

264 1117 444 1177 tenuerunt
464 1132 516 1176 me
539 1111 687 1178 clausum
709 1113 744 1177 in
768 1112 820 1178 die
843 1134 1021 1196 purascere
1044 1115 1087 1181 ud
1109 1137 1296 1200 vesperam:
1328 1125 1362 1183 et
1384 1118 1462 1183 dum

267 1221 390 1279 starem
412 1215 446 1278 in
470 1213 619 1279 oratione
641 1214 693 1280 die
717 1214 858 1298 sabboti,
884 1237 1044 1299 suspenso
1066 1224 1119 1283 est
1141 1217 1256 1284 domus
1278 1240 1299 1285 u
1321 1225 1464 1303 quatuor

268 1317 411 1402 angulis,
440 1323 473 1382 et
500 1317 567 1385 vidi
595 1317 762 1383 dominum
788 1318 900 1384 Iesum
923 1318 1093 1385 Christum
1121 1321 1207 1386 sicut
1234 1321 1344 1405 fulgur
1370 1320 1464 1402 lucis,

269 1427 303 1487 et
331 1441 410 1504 prae
439 1421 556 1485 timore
585 1420 688 1485 cecidi
714 1420 749 1484 in
777 1427 908 1488 terram.
952 1422 999 1488 Et
1021 1421 1104 1487 dixit
1126 1422 1169 1489 ad
1191 1445 1242 1489 me
1264 1423 1407 1508 Respice
1429 1425 1464 1488 in

270 1543 336 1607 me,
359 1523 437 1605 quie
460 1544 520 1608 ego
545 1543 616 1587 sum
638 1522 746 1608 Iesus,
770 1525 863 1590 euius
887 1545 1005 1608 corpus
1028 1524 1176 1609 sepelisti
1196 1527 1232 1591 in
1254 1532 1464 1593 monumento

270 1631 336 1691 tuo.
380 1625 428 1691 Et
456 1646 515 1711 ego
544 1624 612 1690 dixi
644 1626 675 1690 ei
704 1623 850 1707 Ostende
881 1626 962 1692 mihi
993 1627 1179 1712 sepulcrum
1209 1629 1267 1695 ubi
1296 1632 1392 1713 posui
1423 1636 1466 1696 te.

269 1730 317 1795 Et
346 1728 442 1795 Iesus
473 1735 588 1794 teneus
619 1750 753 1804 monum
783 1750 890 1795 meum
920 1729 1057 1811 dextere
1087 1751 1149 1797 sue
1179 1732 1318 1798 adduxit
1348 1756 1401 1800 me
1430 1735 1466 1799 in

271 1837 380 1902 locum
402 1833 459 1900 ubi
483 1833 617 1924 sepelivi
641 1856 723 1900 eum.

359 1939 386 1981 ²²
407 1937 512 2005 Venit
542 1945 653 2004 eutem
684 1945 718 2026 et
748 1939 874 2005 mulier
895 1941 1026 2005 nomine
1057 1940 1227 2011 Veronice
1257 1949 1291 2008 et
1322 1942 1406 2007 dixit
1436 1945 1467 2009 ei

272 2043 346 2126 Ego
371 2046 481 2104 autem
504 2038 598 2122 tetigi
620 2038 655 2102 in
678 2037 777 2104 turbu
798 2036 961 2105 fimbrium
983 2040 1169 2105 vestimenti
1196 2041 1281 2125 eius,
1309 2043 1389 2125 quia
1410 2064 1467 2107 un-

273 2146 324 2209 nis
350 2140 521 2206 duodecim
549 2139 718 2220 sanguinis
745 2137 870 2203 fluxum
895 2161 996 2222 pesse
1023 2160 1109 2221 sum,
1137 2146 1171 2205 et
1197 2143 1312 2206 stetim
1338 2144 1469 2208 sonavit

273 2267 334 2312 me.
380 2232 408 2283 ’θ’
428 2242 523 2307 Tunc
545 2241 628 2307 dixit
650 2240 848 2309 Velosianus
870 2242 910 2309 ud
932 2243 1079 2309 Pilatum
1101 2243 1153 2310 Tu
1174 2243 1284 2310 Pilate
1312 2246 1412 2329 impie
1435 2253 1469 2312 et

274 2346 431 2427 crudelis,
460 2363 561 2427 quere
585 2343 783 2408 interfecisti
805 2341 909 2408 filium
931 2343 1006 2410 dei?
1050 2344 1180 2411 Pilatus
1203 2351 1313 2411 nutem
1336 2368 1469 2431 respon-

275 2450 325 2517 dit
341 2446 433 2517 Gens
456 2466 516 2512 sus
539 2451 572 2511 et
593 2444 764 2528 pontifices
779 2445 896 2511 Annus
919 2451 952 2511 et
972 2445 1124 2532 anphns
1145 2447 1239 2515 illum
1261 2448 1471 2516 tradiderunt

275 2554 364 2620 mihi.
407 2551 608 2623 Velosianus
630 2550 714 2616 dixit
735 2548 843 2634 Impie
871 2557 905 2616 et
927 2548 1083 2633 crudelis,
1109 2559 1215 2619 morte
1238 2551 1355 2638 dignus
1379 2575 1413 2619 es
1436 2562 1470 2620 et

275 2681 383 2746 poeno
410 2656 544 2724 crudeli.
593 2657 640 2721 Et
665 2656 792 2721 remisit
820 2676 895 2720 eum
922 2655 957 2720 in
985 2676 1160 2722 carcerem.
1204 2658 1231 2698 ²⁴
1251 2659 1299 2724 Et
1320 2656 1470 2724 Velosiu-

276 2785 339 2831 nus
366 2763 496 2828 demum
525 2760 697 2843 inquisivit
728 2759 846 2824 faciem
877 2758 944 2822 sive
971 2758 1097 2823 vultum
1124 2758 1257 2825 domini.
1303 2760 1472 2826 Dixerunt

278 2870 308 2937 ei
332 2887 443 2935 omnes
467 2864 523 2949 qui
549 2863 671 2930 ibidem
697 2869 793 2929 erent
814 2862 939 2930 Mulier
966 2863 1097 2930 nomine
1119 2862 1288 2931 Vetonina
1315 2871 1365 2930 est
1386 2886 1472 2950 quee

279 3098 451 3152 custodiebant
475 3095 528 3145 ciue
551 3094 707 3158 sepulerum,
731 3099 755 3144 et
777 3093 900 3146 inclinavi
922 3100 998 3158 caput
1019 3110 1099 3143 cneum
1121 3098 1146 3144 et
1168 3095 1280 3159 capitoni
1301 3096 1387 3146 nidere
1404 3114 1472 3155 cumr

278 3188 321 3238 ced
340 3185 457 3247 conspexi
474 3183 510 3231 idi
527 3182 592 3231 nileil
605 3182 637 3231 de
655 3197 692 3240 eo,
710 3182 754 3231 ced
772 3182 826 3230 aidi
843 3181 892 3230 duo
910 3180 1014 3244 anqelee
1031 3196 1106 3229 unum
1123 3181 1158 3231 ad
1176 3186 1253 3244 eaput
1270 3185 1295 3231 et
1312 3182 1421 3232 alterurn
1438 3185 1473 3233 ad

277 3275 372 3340 pedem,
393 3277 417 3320 et
435 3271 627 3332 interruperunt
643 3285 680 3316 me
699 3284 768 3332 quern
787 3283 941 3331 quaererem.
978 3267 1107 3329 Respondi
1124 3268 1161 3317 eie
1177 3272 1202 3317 et
1219 3268 1276 3318 diei
1296 3268 1397 3330 Quaero
1415 3287 1470 3318 cru·

279 3359 379 3423 cilicum
399 3356 567 3407 salvatorem.
604 3355 703 3403 Burrus
724 3355 844 3402 diruunt
864 3354 925 3402 mili
943 3352 962 3400 I
980 3353 1007 3400 in
1029 3352 1188 3409 Galilaearnr
1212 3353 1248 3401 idi
1269 3354 1387 3403 videtitis
1409 3372 1471 3411 nm.

199 3477 200 3480 =
281 3443 483 3511 quenadmodum
498 3440 631 3501 praedicit
648 3438 725 3487 volis.
762 3441 846 3502 Atque
864 3442 941 3487 etiarn
955 3442 1015 3500 poet
1031 3440 1101 3495 laec,
1120 3440 1159 3486 ait
1176 3438 1280 3501 Ioeepl,
1303 3440 1357 3487 eidi
1374 3456 1428 3488 eum
1445 3442 1472 3488 ie

280 3531 366 3581 eadem
384 3543 460 3576 carne
478 3527 505 3575 in
524 3543 573 3590 qua
591 3530 648 3575 erat
666 3530 750 3582 antea,
769 3529 793 3573 et
811 3525 882 3573 dedit
898 3524 1032 3586 ‹lucipralie
1050 3525 1103 3573 cuis
1119 3524 1193 3572 edere
1209 3528 1235 3573 et
1252 3522 1343 3575 didere.

366 3616 407 3665 22.
441 3612 515 3662 Venit
533 3616 615 3661 autern
633 3615 658 3660 et
675 3610 766 3660 mulier
784 3636 791 3646 ·
810 3616 835 3660 et
852 3611 920 3659 dicit
937 3612 969 3660 ei.
1006 3609 1050 3658 Sic
1074 3610 1106 3660 de
1131 3611 1286 3661 coniecturis
1308 3612 1417 3675 scripsi:
1447 3614 1474 3662 iu

282 3700 374 3751 codice
388 3699 458 3748 enim
473 3703 514 3748 eet
531 3697 605 3746 Venit
623 3698 657 3745 ad
675 3713 711 3744 rne
729 3696 821 3744 mulier
839 3721 847 3731 ·
865 3700 890 3744 et
907 3696 975 3744 dicit
991 3697 1061 3745 mili.
1100 3696 1152 3745 Sed
1171 3697 1245 3746 locus
1264 3703 1404 3760 corruptus
1423 3705 1474 3755 eut,

283 3788 334 3838 etsi
354 3789 445 3835 nostru
464 3785 596 3846 scripture
614 3797 696 3845 prope
715 3781 821 3830 uceedit
839 3780 873 3829 ud
885 3781 1133 3844 Augloenxonicum,
1154 3796 1221 3845 quee
1236 3781 1275 3830 ite
1288 3780 1382 3830 hebet:
1400 3783 1474 3832 Poet-

285 3886 358 3935 quam
377 3870 467 3933 loseph
484 3871 524 3924 ¹ita
542 3867 640 3916 heatus
657 3868 707 3923 est,
730 3867 798 3914 uenit
815 3865 966 3914 ameralilie
982 3866 1074 3914 mulier
1097 3865 1222 3915 Veranioa
1238 3870 1263 3916 et
1281 3865 1367 3916 locuta
1384 3870 1421 3916 eet
1438 3869 1476 3917 ric

284 3957 342 4019 Epo
360 3955 412 4004 ecia
430 3956 484 4002 loc.
525 3952 604 4014 Quum
627 3968 697 4000 nam
718 3953 745 3999 in
768 3950 844 4000 turba
863 3950 968 4014 populi,
991 3967 1041 3999 non
1058 3953 1177 4013 poteram
1195 3968 1277 4015 prope
1300 3952 1419 4000 accedere
1441 3954 1475 4000 ad

283 4057 351 4096 eum‚·
379 4040 423 4088 sed
446 4043 545 4088 tanturn
567 4039 641 4100 tetiqi
659 4036 789 4101 firnlriam
811 4037 953 4085 vestimenti
973 4036 1040 4084 eius:
1068 4040 1164 4084 etcum
1183 4037 1274 4100 fluuue
1290 4038 1422 4099 conquiris
1439 4054 1477 4085 ene

284 4124 430 4189 afflixerat
447 4124 481 4171 ad
498 4123 623 4170 minimum
635 4122 765 4170 derodec'irn
783 4120 865 4176 annis,
883 4119 956 4168 illico
973 4136 1026 4167 eum
1044 4125 1150 4177 sanata5
1169 4124 1244 4183 atque
1259 4135 1304 4182 epo
1316 4136 1412 4182 semper
1423 4138 1475 4169 cee-

285 4209 349 4266 didi,
367 4224 421 4256 euni
439 4224 491 4255 esee
509 4210 590 4256 uiuum
607 4209 679 4256 deum
697 4223 727 4254 ea
745 4209 812 4255 cenni
829 4206 990 4253 aeternitate.

369 4295 411 4344 23.
440 4292 514 4340 ASex
539 4292 599 4341 llum
621 4290 773 4342 Volceientes
794 4291 867 4339 iussit
884 4289 999 4338 Pilatum
1019 4290 1125 4346 adduci,
1150 4293 1174 4339 et
1191 4290 1259 4337 dicit
1283 4290 1316 4338 ad
1335 4306 1388 4338 eum
1409 4287 1477 4351 Quid

286 4397 388 4431 carcerae
399 4378 457 4444 suit
474 4384 502 4429 ut
520 4363 636 4429 traderes
654 4381 687 4428 ad
705 4383 807 4427 martene
818 4377 905 4443 filiurn
923 4377 980 4426 deit
1004 4382 1047 4426 etc

371 4472 412 4518 24.
437 4468 528 4517 Priore
546 4470 574 4518 in
587 4467 662 4518 ASux
681 4469 764 4517 multe
783 4466 888 4515 brevius
907 4465 1093 4515 absolvuntur.
1124 4464 1268 4529 Postquam
1287 4464 1356 4513 enim
1376 4464 1478 4513 dietum

287 4564 328 4609 eet
341 4559 380 4608 Er
394 4556 546 4608 Volusianus
557 4557 632 4607 iussit
642 4573 696 4607 erun
707 4557 775 4605 mitti
787 4555 813 4603 in
817 4557 936 4619 ferream
949 4571 1049 4604 caaearn
1061 4558 1086 4603 et
1097 4554 1189 4603 eaniici
1201 4554 1227 4602 in
1239 4569 1372 4611 carcerem,
1386 4554 1478 4603 stetim

287 4645 407 4711 pergitur
426 4660 456 4693 aa
474 4649 525 4694 turn
543 4644 581 4692 ita
598 4643 666 4693 dicit
683 4643 717 4691 ad
735 4641 900 4692 venerabilem
917 4640 1046 4690 mulierem
1064 4639 1200 4703 Praecipio
1219 4637 1278 4697 titi,
1301 4635 1434 4698 Veranica,
1451 4641 1480 4686 ut
