3458 5640
265 521 328 582 410
619 521 747 573 EVANG.
767 520 944 572 sueonum
968 520 1055 571 PARS
1075 520 1112 570 11.

350 670 408 735 Ita
430 671 594 736 coniurati
615 670 735 736 Annas
757 677 791 736 et
813 670 959 755 Caiphae
986 673 1154 736 iusserunt
1181 670 1271 736 exire
1295 670 1334 736 de
1358 692 1469 736 sacra·

264 774 314 837 rio
348 777 476 838 ceteros
507 793 619 838 omnes
652 774 709 857 qui
741 794 814 837 cum
845 775 927 856 ipsis
959 778 1072 856 erant,
1113 777 1146 837 et
1180 772 1243 855 ipsi
1275 771 1471 838 clauserunt

265 896 379 941 omnes
415 877 533 940 ianuas
571 875 685 960 templi
718 882 752 942 et
783 878 941 960 sacrarii,
978 883 1012 941 et
1043 875 1198 941 dixerunt
1228 874 1271 940 ad
1300 874 1467 941 Pilatum:

266 979 441 1047 Coniurati
464 1001 574 1045 sumus
597 1002 617 1046 a
640 987 687 1062 te,
719 980 816 1046 iudex
843 982 942 1065 bone,
974 1003 1033 1065 per
1062 979 1324 1046 aedificationem
1352 981 1468 1064 templi

265 1085 375 1168 istius,
406 1085 582 1150 veritatem
614 1090 648 1149 et
678 1086 840 1151 rationem
872 1085 1083 1150 manifestam
1113 1085 1175 1149 tibi
1208 1084 1327 1150 lacero.
1370 1084 1467 1150 Post-

266 1209 366 1271 quam
396 1188 617 1252 crucifiximus
638 1188 751 1253 Iesum
774 1190 965 1271 ignorantes
988 1188 1041 1252 dei
1064 1187 1168 1253 filium
1191 1209 1277 1269 esse,
1307 1195 1467 1271 putantes

264 1310 323 1371 per
347 1289 483 1371 aliquod
512 1309 645 1353 carmen
672 1287 783 1354 lacere
811 1311 884 1353 oum
913 1291 1067 1373 virtutes,
1096 1289 1235 1354 fecimus
1263 1310 1467 1372 synagogam

265 1412 420 1474 magnam
449 1392 483 1455 in
510 1393 574 1455 isto
597 1391 730 1475 templo.
773 1392 820 1457 ut
842 1391 1049 1457 conferentes
1072 1392 1114 1457 ad
1137 1393 1278 1457 invicem
1301 1390 1340 1456 de
1365 1394 1467 1475 signis

264 1495 425 1560 virtutum
449 1514 533 1577 quae
562 1492 691 1560 fecerat
717 1493 827 1578 Iesus,
858 1493 978 1560 multos
1007 1515 1047 1560 ex
1075 1516 1195 1579 genere
1223 1501 1336 1561 nostro
1364 1500 1468 1560 testes

264 1595 463 1679 invenimus,
492 1595 549 1678 qui
578 1594 732 1662 dixerunt
753 1594 866 1662 Iesum
892 1600 968 1680 post
994 1597 1181 1679 passionem
1213 1598 1331 1662 mortis
1358 1598 1467 1662 vivum

264 1721 299 1766 se
326 1700 447 1767 vidisse
476 1705 510 1766 et
537 1700 571 1765 in
599 1700 810 1768 altitudinem
839 1701 920 1767 coeli
947 1710 1148 1785 penetrasse.
1192 1701 1240 1767 Et
1262 1702 1343 1768 duos
1365 1709 1467 1768 testes

266 1827 348 1889 quos
376 1805 473 1872 Iesus
503 1827 523 1872 a
550 1807 690 1871 mortuis
721 1808 935 1872 resuscitavit
961 1805 1114 1891 vidimus,
1147 1806 1202 1890 qui
1231 1806 1336 1871 multa
1368 1807 1468 1873 mira-

265 1909 347 1976 bilia
370 1929 455 1995 quae
479 1909 560 1975 iecit
581 1909 679 1976 Iesus
705 1911 741 1975 in
768 1912 905 1977 mortuis
934 1911 1217 1976 annuntiaverunt
1242 1910 1365 1993 nobis,
1383 1932 1467 1994 qnae

264 2011 299 2074 in
333 2011 485 2075 manibus
518 2012 639 2075 nostris
668 2012 794 2094 scripta
820 2011 988 2077 habemus.
1037 2009 1231 2094 Nostraque
1264 2011 1467 2076 consuetudo

265 2113 422 2199 estquod
446 2114 533 2179 omni
557 2135 643 2181 anno
667 2119 744 2180 onte
767 2120 915 2181 nostram
938 2136 1138 2200 synagogam
1161 2117 1349 2200 aperientes
1368 2117 1466 2180 istam

264 2223 415 2283 sanctam
447 2215 682 2284 bibliothecam
714 2219 936 2284 testimonium
964 2217 1016 2284 dei
1048 2218 1260 2302 exquirimus.
1304 2218 1352 2283 Et
1378 2219 1467 2283 iuve-

264 2322 373 2386 nimus
395 2321 430 2385 iu
452 2320 539 2387 libro
562 2322 670 2404 primo
695 2320 734 2387 de
757 2319 992 2406 Septuaginta,
1015 2321 1071 2386 ubi
1094 2320 1226 2387 locutus
1250 2326 1300 2387 eat
1321 2321 1467 2387 Michael

265 2427 482 2513 archangelus
505 2427 547 2494 sd
570 2429 706 2494 tertium
728 2426 833 2494 filium
850 2427 948 2494 Adae
970 2428 1068 2513 primi
1090 2427 1233 2534 hominis
1256 2428 1296 2494 de
1320 2428 1467 2513 quinque

264 2529 409 2595 millibus
432 2535 465 2596 et
490 2530 680 2614 quingentis
703 2531 811 2615 annis,
840 2531 874 2595 in
898 2530 1017 2614 quibus
1040 2535 1198 2596 venturus
1222 2535 1309 2596 esset
1330 2529 1370 2595 de
1394 2553 1466 2597 coe·

350 2808 416 2855 Amb
436 2808 621 2856 Escanienses·
639 2832 648 2841 ·
667 2808 737 2855 exire
755 2822 838 2855 omme
855 2808 887 2855 de
904 2823 971 2856 sacr.
987 2807 1030 2871 qui
1047 2814 1120 2857 mant
1138 2809 1165 2856 in
1183 2806 1275 2868 ternplo
1292 2832 1302 2843 ·
1321 2807 1466 2858 clauserunt

264 2895 357 2943 innuas
375 2899 419 2943 etc
439 2890 444 2955 Ι
466 2893 527 2942 bone
546 2909 604 2941 cum
623 2893 689 2942 Amb
709 2893 761 2942 Hel
780 2881 875 2957 Lipe⁸d
894 2930 901 2944 .
918 2929 925 2944 .
943 2892 978 2943 1³⁸
989 2908 1031 2942 om
1051 2895 1056 2954 1
1076 2881 1169 2958 Irips⁰d
1182 2908 1233 2955 per
1250 2893 1441 2958 antisiodoren
1460 2893 1464 2959 Ι

169 2979 176 2990 '
264 2979 353 3042 ternpli
369 2981 445 3029 istius
462 3015 489 3029 ..
508 2978 577 3026 Arnb
591 2978 643 3027 edd
662 2983 687 3026 et
704 2979 848 3029 sacrarium
864 2979 918 3028 sius
932 2979 937 3043 Ι
952 2983 1085 3028 ueritatem
1097 2978 1175 3040 (Amo
1188 2979 1241 3028 eud
1258 2979 1343 3028 dicere
1360 2979 1419 3040 tibi)
1438 2987 1464 3030 st

263 3070 316 3115 rut.
328 3066 418 3130 monis.
431 3064 478 3113 tibi
497 3063 578 3125 (Amb
592 3078 635 3112 om
652 3065 742 3129 manis.
756 3062 799 3124 ti.)
815 3063 820 3126 Ι
836 3051 929 3128 hips‘d
945 3067 1026 3126 ipsum
1036 3064 1124 3129 puin
1140 3080 1193 3113 esse
1203 3064 1246 3113 dei
1261 3067 1368 3114 urentis
1384 3067 1411 3114 in
1428 3082 1465 3114 se·

264 3150 324 3200 cula
338 3149 344 3215 Ι
356 3167 405 3214 per
418 3149 524 3213 aliquod
536 3165 637 3198 carmen
650 3165 707 3197 cum
721 3148 754 3199 1³⁰
771 3149 822 3198 Hel
839 3137 932 3212 Lipr0‘1
947 3149 1012 3212 (add
1024 3156 1049 3200 et
1061 3155 1118 3199 arte
1129 3148 1269 3213 diabolica)
1288 3183 1295 3197 .
1309 3186 1315 3200 .
1332 3150 1400 3199 Amb
1415 3166 1465 3212 per·

263 3237 354 3301 utiquo
366 3238 480 3286 carmina
495 3236 500 3301 Ι
507 3238 601 3301 fucere
621 3272 628 3287 .
644 3272 651 3286 .
669 3237 839 3300 Ambsecisse
853 3234 858 3300 Ι
874 3239 900 3285 in
913 3237 962 3287 isto
974 3237 1066 3300 tempto
1079 3252 1137 3286 cum
1150 3235 1218 3285 Amo
1231 3225 1324 3300 luipoed
1339 3273 1346 3286 .
1361 3272 1368 3286 .
1383 3236 1417 3287 12⁰
1429 3238 1464 3285 uri

265 3325 383 3388 templum
401 3327 469 3374 istud
484 3326 490 3389 Ι
505 3326 539 3373 asi
558 3325 662 3373 inuicem
680 3362 686 3375 .
706 3362 712 3374 .
736 3312 830 3388 ntps⁰d
848 3325 901 3373 edd
921 3326 1050 3387 supienter
1068 3329 1093 3373 et
1109 3331 1207 3374 mature
1227 3329 1231 3384 Ι
1253 3326 1285 3372 ste
1302 3327 1384 3389 siquis
1400 3327 1464 3375 eirt.

264 3429 328 3476 quae
347 3401 451 3476 (hipe‘d
471 3411 546 3474 quus)
571 3427 629 3460 cum
648 3412 713 3460 Amb
733 3399 827 3474 Iiipuetl
846 3447 852 3459 .
870 3446 877 3459 .
896 3410 930 3460 1³⁰
946 3412 1021 3474 sipna
1037 3412 1097 3461 oirt.
1115 3427 1178 3474 quoe
1200 3413 1205 3469 1
1229 3414 1273 3475 qui
1289 3412 1410 3459 dixerunt
1429 3446 1458 3458 ..

264 3485 357 3559 Lipsffl
367 3498 425 3560 flete
437 3497 527 3559 diqnos
538 3497 650 3544 diceutes
665 3531 671 3544 .
687 3531 693 3544 .
713 3496 778 3544 Arnb
792 3510 833 3544 om
849 3498 854 3554 Ι
870 3497 952 3544 tessun
971 3512 1028 3544 cum
1047 3496 1113 3544 Amb
1128 3530 1134 3544 .
1151 3531 1157 3544 .
1177 3484 1269 3558 mpod
1281 3495 1315 3545 n*
1327 3511 1368 3543 om
1385 3495 1463 3557 lport

260 3596 333 3642 pass.
347 3583 437 3629 mortis
449 3566 553 3643 (Lips⁰‘¹
566 3580 620 3642 om)
633 3615 640 3628 .
654 3616 660 3629 .
674 3579 740 3628 Amb
755 3584 815 3642 poet
832 3584 936 3629 mortem
953 3584 978 3629 et
992 3581 1136 3643 passionem
1150 3578 1155 3642 Ι
1170 3596 1196 3628 se
1213 3580 1305 3629 vidisse
1320 3616 1326 3628 .
1343 3615 1349 3629 .
1364 3572 1460 3645 Ilipam

263 3667 316 3716 edd
334 3667 473 3731 loquentem
492 3683 546 3714 curn
558 3667 693 3729 discipulis
709 3670 762 3715 suis
779 3668 906 3716 audiuisse
922 3674 926 3725 Ι
942 3673 966 3718 et
983 3670 1009 3716 in
1022 3656 1128 3732 (Lipsffl
1141 3667 1194 3730 om)
1211 3667 1259 3718 ets.
1274 3686 1296 3718 c.
1312 3673 1463 3731 penetrasse

263 3740 369 3817 (Lipe‘d
378 3756 553 3815 penetrantem
570 3750 675 3813 uidisse)
695 3767 753 3801 eum
766 3752 833 3801 Amb
847 3740 940 3816 mpod
963 3789 969 3802 .
985 3789 992 3802 .
1015 3752 1049 3803 1>⁸
1061 3770 1102 3803 om
1118 3754 1122 3817 Ι
1139 3770 1200 3818 quos
1217 3769 1275 3803 eum
1288 3755 1354 3803 Amb
1369 3744 1463 3820 Ieipsed

265 3875 271 3887 .
288 3871 294 3885 .
314 3837 348 3888 12⁸
361 3854 465 3901 quorum
482 3853 591 3900 eorpus
607 3841 611 3896 Ι
627 3839 698 3886 Iesus
718 3874 724 3886 .
741 3874 747 3886 .
767 3825 861 3902 Lips⁰d
874 3837 927 3887 edd
944 3839 986 3886 dei
996 3837 1074 3904 fliius
1093 3845 1097 3898 Ι
1118 3842 1162 3903 qui
1180 3837 1258 3901 (emb
1278 3838 1314 3902 et)
1332 3840 1414 3889 nuta
1434 3877 1440 3890 .
1457 3876 1464 3890 .

264 3913 359 3990 Irips⁰d
378 3941 468 3989 praem
488 3926 674 3974 coniurauimus
691 3941 745 3974 curn
758 3928 868 3990 ipsisque
881 3926 960 3975 locuti
971 3942 1055 3976 sumus
1069 3923 1074 3988 1
1090 3929 1116 3975 in
1127 3931 1235 3976 mortuis
1254 3962 1260 3975 .
1276 3963 1282 3977 .
1302 3927 1369 3976 Amb
1388 3928 1415 3975 in
1428 3929 1466 3976 in·

255 4013 363 4075 sernum
386 4047 419 4061 ..
443 3999 537 4073 Irips⁰d
556 4014 625 4060 inter
648 4016 760 4060 monuos
783 4015 807 4059 et
825 4010 894 4072 opud
913 4014 1010 4075 inferos
1034 4016 1038 4068 Ι
1062 4028 1126 4075 quus
1144 3999 1250 4076 (Iripsid
1268 4011 1321 4060 edd
1340 4013 1437 4072 omniu)
1457 4037 1466 4046 ·

262 4099 361 4159 scriptu
372 4085 477 4160 (Iripeod
488 4097 541 4146 edd
551 4098 722 4160 interpretata
734 4102 758 4146 et
768 4097 913 4157 declarata)
923 4097 1040 4146 habemus
1051 4134 1057 4146 .
1067 4133 1074 4146 .
1086 4099 1151 4147 Amb
1162 4114 1204 4162 qu.
1211 4097 1467 4159 scripseruntrnunib.

262 4186 316 4232 suis
330 4186 335 4242 1
351 4182 497 4245 Nostraque
513 4173 618 4246 (laipsed
630 4182 706 4246 enirn)
721 4199 787 4233 cons.
801 4189 838 4233 eet
849 4208 859 4217 ·
876 4191 900 4233 et
918 4185 1068 4240 invenimus‚·
1089 4185 1215 4232 similiter
1231 4183 1283 4232 Hal
1300 4184 1366 4232 sicut
1379 4182 1466 4246 (prse-

263 4271 337 4321 cedit
347 4272 442 4335 fucere
454 4270 582 4319 miracula
594 4272 699 4319 omissis
711 4272 824 4335 secturus
836 4286 988 4337 epnupopons
1001 4270 1056 4333 ete)
1071 4274 1180 4320 consuet.
1194 4275 1232 4320 est
1244 4271 1309 4335 quod
1321 4272 1388 4320 omni
1400 4286 1467 4319 anno

263 4359 322 4403 unte
335 4352 453 4416 templum
465 4358 618 4416 accipientes
631 4358 705 4405 istam
719 4354 778 4405 bibl.
793 4362 817 4405 et
830 4358 916 4403 testem
929 4356 980 4415 (sic
994 4338 1076 4417 ursle)
1089 4355 1131 4403 dei
1143 4356 1305 4419 exquirimus,
1323 4361 1348 4404 et
1366 4357 1417 4404 inu.
1434 4391 1441 4403 .
1458 4390 1465 4403 .

262 4441 329 4489 Amb
342 4441 500 4490 haecomnia
513 4440 595 4502 (udde
609 4440 773 4503 hebenteei)
792 4457 838 4492 nos
849 4441 898 4490 duo
912 4443 1054 4505 principer,
1075 4444 1234 4505 requirentes
1250 4457 1344 4491 omnen
1359 4456 1466 4508 synope·

260 4545 328 4593 qam,
341 4531 485 4591 aperientes
496 4529 572 4577 istum
584 4528 643 4578 bibl.
657 4532 856 4579 testimoniorum
869 4529 918 4588 dei,
932 4530 1091 4593 exquirentes
1103 4530 1239 4578 invenimus
1253 4527 1258 4592 Ι
1273 4528 1349 4578 Adue
1361 4567 1367 4580 .
1379 4568 1385 4580 .
1399 4530 1466 4578 Arno

263 4615 314 4664 edd
329 4614 380 4663 Sed
398 4616 447 4676 (ct.
462 4615 535 4663 infre
546 4614 592 4664 ubi
606 4614 675 4664 idem
690 4630 796 4672 nomen,
815 4614 884 4672 Seth,
903 4631 933 4664 ox
947 4616 1013 4664 Amb
1027 4614 1169 4678 edidimus)
1185 4619 1189 4676 Ι
1205 4616 1236 4663 de
1255 4615 1362 4679 quinque
1380 4645 1390 4655 -
1409 4631 1466 4663 uen-
