3458 5640
262 609 347 655 mv
730 590 1001 645 rnoneoounuu.

263 740 383 827 Neque
407 745 494 806 enim
517 742 691 808 obscurum
707 740 787 824 quid
809 746 868 806 aut
890 740 957 806 late
979 747 1105 824 patens,
1128 743 1186 808 sed
1202 744 1364 826 quaedam
1379 748 1461 811 satis

150 944 155 954 1
263 854 447 939 peculiaria
468 874 507 919 ac
530 852 666 920 definita
688 858 721 919 et
744 852 905 920 eiusmodi
929 875 1013 936 quae
1036 855 1071 920 in
1093 855 1176 921 actis
1198 855 1303 921 Pilati
1325 858 1460 924 minime

265 971 445 1050 exspectes,
467 967 509 1031 ab
532 965 597 1031 illis
620 965 812 1032 afferuntur.
854 963 928 1032 Nec
950 987 1064 1033 rursus
1086 966 1166 1033 haec
1188 968 1223 1033 in
1238 969 1322 1034 actis
1337 971 1461 1036 nostris

264 1079 313 1145 ita
335 1083 513 1145 narrantur
535 1082 574 1143 ut
595 1078 638 1143 ad
660 1078 792 1144 illorum
815 1079 915 1143 uerba
935 1079 1044 1163 possis
1066 1079 1313 1147 accommodata
1333 1086 1461 1166 putare.

266 1191 344 1258 Huc
366 1191 495 1257 accedit
517 1191 621 1274 quod,
643 1191 711 1256 sive
733 1211 787 1257 res
810 1192 878 1256 sive
900 1190 1047 1276 linguam
1070 1197 1212 1276 spectas,
1243 1198 1373 1258 tuntum
1395 1214 1462 1261 non

264 1303 349 1368 nihil
371 1324 391 1368 a
415 1303 557 1369 secundo
586 1303 718 1368 saeculo
746 1302 890 1368 alienum
917 1304 952 1368 in
981 1304 1105 1369 nostris
1133 1305 1217 1370 actis
1248 1306 1415 1371 invenitur
1426 1308 1462 1387 ¹).

264 1413 444 1478 Praeterea
475 1412 557 1478 illud
588 1414 700 1494 magni
731 1418 783 1477 est
812 1412 1002 1478 faciundum
1033 1414 1122 1497 quod
1152 1416 1316 1480 Eusebius
1347 1423 1462 1481 narrat

264 1525 341 1590 hist.
364 1524 477 1590 eccles.
500 1522 567 1604 IX,
590 1525 609 1586 5
633 1528 667 1587 et
689 1525 717 1587 7.
761 1521 982 1588 Maximinum
1004 1525 1238 1607 imperatorem
1260 1530 1336 1590 acta
1357 1525 1461 1592 Pilati

266 1633 438 1699 calumniis
453 1632 551 1715 plena
565 1632 607 1696 ad
617 1629 884 1698 Christianorum
899 1635 1131 1699 contumeliam
1146 1634 1341 1717 publicasse,
1356 1657 1461 1718 eaque

264 1766 324 1829 per
346 1744 477 1827 imperii
499 1743 687 1827 provincias
710 1743 933 1824 disseminata,
955 1744 991 1807 in
1013 1746 1103 1828 agris
1126 1750 1160 1809 et
1182 1746 1371 1812 civitatibus
1385 1768 1461 1830 pro-

265 1857 385 1938 posita,
408 1856 443 1919 in
465 1855 547 1938 ipsis
568 1874 747 1938 puerorum
770 1853 891 1919 scholis
909 1853 1093 1920 declamata
1115 1863 1149 1921 et
1170 1858 1350 1922 memoriae
1372 1879 1462 1923 man·

266 1967 346 2032 data
368 1986 448 2032 esse.
492 1965 588 2031 Haec
610 1969 699 2046 acta,
729 1964 818 2030 haud
841 1965 938 2032 dubie
961 1969 996 2030 et
1018 1967 1090 2049 ipsa
1112 1968 1381 2050 suppositicia2),
1404 1970 1463 2034 im·

266 2082 401 2161 perator
431 2076 563 2141 omnino
593 2076 787 2159 opposuisse
811 2074 978 2159 putandus
1002 2077 1066 2140 erit
1088 2078 1173 2141 actis
1195 2078 1236 2141 iis
1260 2099 1345 2161 quae
1369 2077 1462 2144 Obri-

266 2188 367 2252 stiani
389 2185 560 2251 iactabant
581 2185 657 2249 inde
681 2186 722 2249 ab
745 2188 856 2250 aetate
877 2184 1009 2249 Iustini.

350 2295 504 2362 Iamrero
521 2315 605 2378 quae
629 2295 760 2380 singula
781 2294 922 2361 vidimus
944 2294 1113 2377 historica,
1136 2316 1175 2361 ea
1190 2296 1356 2379 quandam
1370 2300 1463 2363 testi·

265 2411 452 2476 monierum
480 2409 599 2473 seriem
628 2405 784 2474 efficiunt.
827 2407 977 2473 Iustinus
1004 2428 1088 2492 quae
1116 2413 1192 2473 acta
1218 2408 1323 2474 Pilati
1349 2409 1464 2476 laudat

265 2521 374 2588 medio
398 2520 530 2587 saeculo
554 2518 708 2602 secundo,
731 2519 846 2586 eadem
861 2519 1086 2587 Tertullianus
1109 2521 1205 2587 initio
1229 2521 1351 2588 saeculi
1369 2524 1462 2589 tertii

264 2640 451 2722 percenset:
473 2655 574 2718 porro
597 2633 711 2699 eudem
727 2633 930 2699 Maximinus
952 2633 1134 2718 imperator
1152 2635 1249 2700 initio
1265 2636 1377 2718 quarti
1392 2656 1462 2702 sae·

266 2748 331 2815 culi
358 2751 512 2830 suspecta
535 2750 635 2828 atque
658 2746 755 2810 irrita
777 2745 915 2810 reddere
937 2745 1065 2811 studuit
1086 2747 1247 2829 appositis
1270 2747 1344 2811 aliis
1366 2750 1461 2812 novis

264 2860 372 2943 iisqne
394 2859 535 2922 maxime
559 2857 814 2938 contumeliosis,
837 2877 902 2940 qno
926 2856 1041 2922 eodem
1063 2857 1194 2921 saeculo
1211 2862 1330 2940 quarto
1347 2857 1462 2924 eadem

266 2973 525 3037 commemorant
546 2967 712 3034 Eusebius
735 2973 769 3034 et
790 2967 1012 3051 Epiphanius:
1043 2969 1231 3051 insequitur
1253 2970 1369 3051 quinto
1393 2991 1463 3035 sae·

266 3083 340 3148 culo
365 3081 506 3148 Orosius
530 3080 661 3161 (histor.
676 3078 758 3160 VII,
778 3083 837 3162 4.);
859 3085 953 3145 sexto
970 3080 1154 3163 Gregorius
1169 3079 1382 3163 Turonensis,
1405 3082 1463 3164 qui

265 3193 352 3277 apud
381 3193 471 3275 ipsos
499 3191 558 3256 illa
585 3191 721 3256 retineri
748 3191 876 3256 asserit.
911 3192 973 3255 Ea
994 3212 1071 3255 vero
1095 3212 1180 3274 quae
1203 3191 1244 3255 ad
1268 3213 1328 3256 nos
1350 3214 1462 3276 perre-

213 3368 215 3374 .
265 3309 387 3371 nerunt
409 3307 485 3368 acta
508 3303 573 3367 iam
596 3301 827 3385 antiquissimo
851 3301 963 3368 codice
984 3300 1089 3368 latino
1107 3302 1331 3386 palimpsesto,
1355 3306 1463 3388 quinti

264 3415 317 3481 vel
345 3417 429 3480 sexti
457 3414 594 3497 saeculi,
628 3414 708 3478 item
735 3416 928 3497 papyraceis
956 3413 1045 3478 foliis
1074 3415 1179 3496 ceptis
1204 3415 1349 3481 eiusdem
1374 3420 1462 3481 certe
1526 3415 1528 3418 ’

265 3528 387 3594 aetatis
416 3526 636 3591 continentur.
679 3525 736 3589 An
765 3524 978 3590 nihilominus
1000 3527 1153 3606 putemus
1175 3525 1257 3591 haec
1280 3531 1393 3592 nostra
1416 3526 1463 3591 di·

265 3659 361 3705 versa
389 3644 460 3704 esse
486 3638 527 3701 ab
550 3635 696 3719 antiquis
719 3634 800 3718 illis,
828 3636 977 3718 quamvis
1000 3635 1157 3718 quicquid
1180 3635 1220 3701 de
1243 3637 1311 3700 suis
1334 3642 1461 3702 veteres

266 3748 412 3831 docent,
428 3749 462 3813 id
489 3749 694 3814 inveniamus
722 3747 756 3812 in
784 3748 933 3814 nostris?
978 3745 1051 3833 Quo
1075 3748 1209 3814 tandem
1231 3748 1328 3815 modo
1351 3749 1460 3816 subito

226 3866 227 3869 ’
265 3863 375 3947 perire
397 3865 555 3946 poterant
576 3882 660 3945 quae
683 3861 749 3926 iam
771 3860 847 3926 inde
871 3860 912 3926 ab
934 3858 1057 3926 Iustini
1080 3864 1226 3945 tempore
1249 3866 1344 3926 tanta
1367 3861 1461 3928 Obri-

265 3976 382 4041 stianis
405 3975 604 4041 auctoritate
619 3973 726 4040 valere
741 3971 958 4039 videbantur?
979 3973 1052 4037 Aut
1074 3993 1171 4056 quem
1194 3973 1336 4059 tandem,
1359 3995 1460 4058 quum

264 4093 378 4152 vetera
400 4092 470 4151 tam
491 4086 579 4152 bona
599 4089 777 4168 tantaeque
794 4085 947 4168 exlongo
964 4105 1024 4149 usu
1041 4085 1248 4150 auctoritatis
1265 4106 1335 4150 esse
1351 4088 1461 4164 sciret,

265 4198 331 4263 alia
353 4185 439 4263 noua
460 4197 613 4262 ficturum
635 4196 736 4260 fuisse
759 4200 926 4279 putemus,
954 4215 993 4259 ac
1014 4193 1146 4260 finxisse
1167 4215 1246 4260 vero
1269 4217 1343 4260 cum
1365 4201 1460 4261 tanto

351 4413 374 4479 ¹)
393 4413 433 4466 Cf.
452 4415 596 4465 Dissertet.
615 4429 698 4464 meam
717 4413 855 4480 nugonem
879 4429 906 4478 p.
925 4412 972 4463 65:
998 4428 1155 4478 quemquam
1174 4413 1207 4464 de
1226 4414 1259 4464 iis
1273 4414 1356 4465 rebus
1375 4414 1460 4463 furius

265 4503 469 4566 accuratiusque
488 4501 541 4552 elio
559 4500 824 4565 loco-exponendum
844 4500 903 4551 erit.

350 4585 373 4653 ἵ)
391 4589 478 4639 Aliter
495 4588 583 4639 sentit
600 4585 696 4638 Henke
714 4586 743 4648 in
763 4586 948 4648 Probebilibns
967 4584 1000 4636 ‹le
1019 4586 1087 4636 sctis
1100 4584 1182 4636 Pilati
1200 4592 1252 4637 etc.
1280 4584 1347 4635 Vide
1361 4583 1460 4650 Opueo.

265 4675 382 4727 academ.
402 4691 427 4740 p.
440 4675 490 4726 217
509 4689 592 4746 sqq..
