3458 5640
725 629 999 684 PROIAEGOMENA.
1375 649 1461 695 xm

241 789 245 797 ‘
264 783 387 848 idolum
405 780 610 865 ingrediente
628 779 707 846 Iesu
725 779 852 845 infante
872 780 1005 863 corruit,
1025 758 1206 846 etiamnum
1224 780 1353 864 colitur,
1372 788 1461 848 certe

264 894 448 978 permulta
471 891 606 958 saecula
629 891 719 957 culta
741 897 792 957 est
806 893 840 974 ¹).

349 1004 464 1071 Media
486 1004 589 1088 igitur
612 1026 711 1087 quam
735 1003 876 1070 diximus
904 1024 982 1085 pars
1004 1003 1114 1069 indole
1137 1005 1378 1087 quodammodo
1403 1006 1461 1071 dil·
1552 1009 1556 1017 ’

264 1118 330 1182 sert
358 1139 378 1182 a
400 1116 527 1181 duabus
554 1115 701 1198 reliquis.
747 1113 822 1199 Qua
849 1136 889 1180 ex
917 1135 953 1180 re
980 1115 1069 1197 quod
1100 1115 1272 1197 probabile
1298 1115 1350 1198 lit,
1380 1116 1461 1181 haec

266 1227 376 1292 omnia
404 1249 469 1292 nou
492 1231 561 1290 tam
587 1246 690 1290 unum
711 1225 874 1307 quendam
898 1230 1067 1289 auctorem
1090 1246 1189 1306 quam
1212 1225 1462 1308 compilatorem

266 1337 436 1418 habuisse,
473 1357 534 1401 nec
569 1336 712 1418 primum
742 1335 790 1398 ita
821 1356 841 1397 a
872 1356 1038 1416 quoquam
1072 1334 1197 1416 scripta
1228 1335 1285 1399 sed
1317 1357 1357 1400 ex
1388 1336 1462 1400 aliis

265 1446 398 1528 scriptis
420 1446 455 1510 in
477 1466 579 1509 unum
602 1444 741 1511 collecta
763 1465 848 1526 esse,
876 1443 909 1508 id
932 1443 1081 1525 pluribus
1106 1445 1309 1528 argumentis
1332 1445 1463 1511 demon·

266 1557 367 1623 strari
402 1562 523 1641 potest.
577 1555 700 1624 Statim
733 1556 820 1622 enim
851 1556 894 1621 ab
924 1555 1020 1622 initio
1058 1557 1284 1622 testimoninm
1314 1558 1354 1623 de
1384 1558 1462 1624 Iesu

267 1692 369 1756 puero
401 1671 435 1736 in
467 1670 560 1737 cunis
591 1677 730 1736 matrem
761 1669 906 1735 allocuto
938 1689 977 1734 ex
1008 1668 1093 1735 libro
1125 1668 1261 1753 Iosephi
1298 1669 1463 1754 pontificis

267 1785 421 1851 haustum
445 1784 574 1851 dicitnr.
619 1783 704 1850 Item
728 1783 835 1867 capito
858 1782 977 1849 XXV.
1006 1782 1231 1867 compilatoris
1254 1787 1334 1849 nota
1355 1784 1464 1867 posita

269 1903 320 1964 est
341 1898 382 1964 dc
405 1897 574 1982 euangelio
597 1897 756 1963 infantiae
780 1901 813 1962 et
835 1895 874 1961 de
898 1895 1067 1979 evangelio
1091 1896 1237 1979 perfecto
1268 1896 1302 1977 (i.
1318 1917 1347 1962 e>
1367 1917 1464 1978 cano·

268 2011 368 2093 nico).
420 2008 578 2075 Eiusdem
614 1996 874 2074 additamentum
912 2007 1077 2072 invenitur
1109 2007 1210 2072 etiam
1243 2012 1382 2073 exeunte
1413 2029 1466 2073 ca·

269 2122 338 2204 pite
360 2120 498 2189 XXVI.
541 2119 667 2211 Eodem
691 2118 799 2201 capite
822 2118 928 2185 altera
951 2119 1112 2201 quaedam
1135 2118 1211 2184 libri
1233 2140 1311 2202 pars
1332 2118 1465 2185 inchoa·

269 2238 339 2299 tur:
372 2233 442 2317 agit
469 2232 508 2298 de
535 2232 643 2298 reditu
670 2235 845 2314 parentum
873 2230 951 2296 Iesu
980 2253 1019 2296 ex
1044 2232 1200 2315 Aegypto
1229 2237 1263 2297 et
1290 2231 1330 2297 de
1358 2230 1466 2316 angeli

269 2366 348 2419 voce
370 2367 436 2429 qua
458 2344 540 2410 iussi
562 2349 640 2409 sunt
666 2365 686 2409 a
712 2343 831 2409 linibus
854 2342 1000 2409 Iudaeae
1029 2343 1143 2408 statim
1165 2342 1390 2409 Nazarethnm
1413 2364 1466 2427 pe·

270 2463 348 2524 tere.
391 2456 614 2524 Nihilominus
643 2457 805 2540 capitibus
834 2457 875 2521 iis
898 2477 983 2539 quae
1006 2461 1189 2540 sequnntur
1212 2456 1371 2522 miracula
1392 2466 1466 2521 nar'·

269 2575 385 2636 rantur
413 2592 452 2637 ea
479 2592 563 2655 quae
591 2569 750 2636 Iudaeam
784 2590 900 2636 reuera
926 2569 1084 2653 ingressis
1113 2572 1146 2634 et
1173 2567 1305 2652 quidem
1332 2567 1464 2635 Bethle·
1578 2597 1582 2607 ·

271 2683 356 2750 hemi
383 2684 583 2749 acciderunt.
626 2682 770 2750 Demum
798 2682 906 2765 capite
930 2680 1107 2748 XXXVI.
1136 2681 1243 2748 oratio
1272 2680 1393 2746 reverti
1420 2680 1465 2745 vi·

271 2795 366 2862 detur
393 2795 434 2860 ad
462 2795 496 2861 id
519 2794 607 2877 quod
636 2795 744 2878 capite
766 2791 905 2861 XXVI.
932 2792 1061 2857 narrari
1089 2795 1241 2876 coeptum
1268 2797 1326 2857 est.
1370 2791 1466 2857 Haec

270 2908 371 2993 igitur
398 2930 464 2974 non
492 2912 584 2974 recto
613 2905 939 2990 ordine‘procedunt
964 2927 1025 2971 nec
1046 2909 1185 2989 possunt
1208 2904 1272 2970 nisi
1296 2904 1338 2970 ab
1360 2902 1467 2969 indili-

271 3022 383 3107 gentia
418 3021 643 3106 compilatoris
677 3019 843 3104 explicari.
895 3018 1049 3102 Denique
1081 3017 1298 3103 inscriptione
1330 3023 1363 3084 et
1393 3016 1466 3082 sub·

271 3135 449 3218 scriptione
472 3133 677 3218 significatur
699 3133 786 3198 hunc
808 3133 926 3199 librum
950 3131 992 3196 ab
1015 3131 1184 3215 evangelio
1208 3129 1370 3195 infantiae
1392 3150 1468 3213 pen·

273 3247 349 3312 dere
372 3246 482 3329 potins
504 3266 602 3329 quam
624 3244 706 3310 illud
729 3245 835 3327 ipsum
859 3264 937 3309 esse.

356 3356 452 3421 Duae
474 3356 576 3439 igitur
597 3375 650 3421 res
673 3377 739 3420 non
762 3358 840 3419 sunt
862 3353 993 3418 dubiae:
1026 3352 1132 3416 altera
1154 3356 1219 3433 est,
1248 3352 1332 3417 libro
1356 3372 1467 3433 quem-

272 3466 448 3531 admodum
470 3466 511 3530 ad
534 3486 594 3531 nos
616 3465 766 3549 pervenit
790 3463 1018 3529 collectionem
1046 3462 1268 3545 evangelicam
1298 3462 1469 3540 contineri,

272 3576 392 3642 iactam
415 3598 455 3642 ex
477 3575 719 3658 antiquioribus
742 3574 848 3656 libris3
871 3574 985 3657 altera,
1009 3573 1051 3638 ab
1068 3572 1201 3639 homine
1226 3572 1381 3639 orientali
1397 3594 1468 3638 eam

271 3688 458 3754 institutam
482 3708 561 3753 esse.
604 3686 669 3754 Sed
688 3686 860 3770 quaeritur
878 3707 944 3769 qua
967 3685 994 3750 is
1017 3685 1131 3770 lingua
1154 3685 1198 3750 sit
1220 3707 1307 3751 usus.
1351 3686 1470 3751 Potest

274 3801 360 3867 enim
388 3800 538 3866 arabicus
561 3803 672 3865 textus
695 3820 715 3863 a
737 3797 830 3867 Silio
854 3799 888 3863 in
910 3798 1015 3864 lucem
1039 3802 1229 3882 protractus
1253 3801 1311 3863 aut
1333 3797 1374 3863 ab
1397 3797 1469 3881 ipso

272 3913 486 3997 compilatore
508 3911 584 3977 libri
606 3912 774 3995 profectus
798 3932 869 3976 esse
891 3917 950 3976 arrt
972 3932 1012 3976 ex
1035 3909 1312 3994 interpretatione
1338 3909 1469 3976 fluxisse

274 4025 357 4090 alius
393 4024 525 4107 linguae
563 4023 742 4088 orientalis.
792 4023 1014 4105 Interpretem
1051 4027 1161 4088 autem
1200 4022 1367 4087 arabicum
1405 4022 1469 4086 iam

272 4139 448 4218 propteroa
475 4134 637 4216 suspicari
665 4133 742 4199 licct
765 4134 920 4215 quoniam
944 4155 1010 4199 non
1033 4136 1162 4198 tantum
1185 4132 1336 4197 arabicus
1359 4135 1469 4197 textus
1505 4135 1508 4140 ’
1539 4188 1541 4192 .

359 4366 380 4433 l)
400 4367 441 4422 Cf.
460 4367 557 4434 Gracci
574 4369 646 4421 cedd.
664 4385 722 4419 mss.
736 4369 805 4434 apsa
824 4368 923 4419 Nastos
940 4372 1074 4420 acervas.
1095 4368 1170 4420 17⁸4.
1190 4383 1251 4434 pag.
1266 4368 1324 4419 283.
1344 4368 1371 4418 iu
1388 4357 1468 4420 ltine·

274 4458 342 4509 uario
366 4473 461 4525 gracco
484 4457 583 4509 sacculi
607 4456 696 4522 quinti
720 4456 825 4507 decimi.
866 4454 907 4507 Cf.
929 4456 1010 4507 etiam
1035 4455 1174 4509 Sonomen.
1196 4455 1261 4505 hist.
1286 4455 1405 4515 ccclv,
1428 4443 1469 4506 tl.

273 4541 389 4609 λέγεται
408 4538 463 4610 γὰρ
486 4540 561 4610 mup’
583 4539 764 4607 λῑγυωτίοισ,
784 4538 868 4609 uptun
887 4536 931 4591 dui
951 4536 1004 4610 τὸμ
1017 4539 1160 4609 'llpdidup
1180 4538 1291 4610 ἒῲυγεμ
1313 4532 1469 4607 blancae,

275 4631 464 4699 ωαραλαῧὼμ
487 4624 541 4698 τὸμ
560 4623 690 4696 Χριστὸμ
716 4627 757 4677 καὶ
778 4625 894 4696 Μορίομ
913 4622 970 4697 arip
990 4624 1036 4691 ἁγ.
1056 4621 1212 4694 θεοτόκομ,
1237 4623 1331 4694 aucep
1351 4625 1394 4676 εῑσ
1411 4619 1468 4693 mip
1569 4655 1571 4659 -

270 4713 480 4787 Ἐρμούωολψ
500 4723 551 4768 otc.

1185 4811 1260 4844 ”00
