3458 5640
262 621 304 685 60
480 619 811 672 Pssuoomeuuflenl
828 618 1069 671 evestamum.
1097 618 1170 671 CAP.
1188 621 1239 671 111.

263 776 299 836 et
309 790 389 836 eece
400 769 556 855 angelus,
574 770 633 853 qui
645 769 809 853 apparuit
824 769 857 833 ei
867 768 1035 853 vigilanti,
1053 770 1216 853 apparuit
1230 769 1262 833 ei
1277 768 1314 833 in
1325 768 1458 834 somnis

263 873 398 939 dicens:
429 871 505 957 Ego
528 892 604 937 sum
629 872 775 956 angelus
796 872 856 956 qui
881 870 1111 938 adeodatus
1137 894 1211 938 sum
1237 871 1302 937 tibi
1323 877 1458 938 custos:

263 976 436 1043 descende
454 996 597 1041 securus
614 982 650 1041 et
664 982 836 1042 revertere
856 975 900 1040 ad
915 974 1071 1058 Annam,
1097 976 1179 1059 quia
1195 973 1458 1041 misericordiae

264 1102 349 1166 ques
371 1080 488 1146 iecisti
507 1087 546 1144 tu
569 1083 605 1144 et
618 1075 725 1144 Anna
745 1085 908 1145 uxortua
928 1079 965 1145 in
982 1085 1171 1164 conspectu
1192 1079 1354 1145 altissimi
1371 1079 1459 1145 reci·

263 1190 356 1263 tatae
373 1189 470 1265 sunt,
493 1189 529 1249 et
549 1182 620 1248 tale
638 1181 756 1247 datum
778 1188 832 1248 est
846 1183 944 1248 robis
965 1204 1120 1267 germen,
1144 1181 1246 1266 quale
1269 1204 1459 1267 numquam

263 1286 305 1352 ab
323 1287 423 1351 initio
435 1306 499 1351 nec
509 1282 702 1368 prophetae
719 1291 779 1349 aut
795 1287 908 1350 sancti
924 1284 1123 1351 habuerunt
1135 1305 1247 1369 neque
1264 1292 1347 1351 sunt
1361 1285 1460 1350 habi-

262 1390 343 1454 turi.
373 1387 422 1454 Et
436 1387 568 1453 factum
583 1394 637 1454 est
653 1408 730 1452 cum
746 1388 948 1471 evigilasset
961 1387 1116 1453 Ioochim
1133 1409 1153 1453 a
1170 1409 1304 1471 somno,
1325 1389 1460 1454 vocavit

263 1491 306 1556 ad
327 1511 363 1556 se
384 1491 563 1574 gregarios
584 1510 666 1555 suos
687 1495 722 1554 et
741 1489 909 1555 indicavit
930 1492 980 1555 eis
1004 1491 1175 1555 somnium
1191 1511 1300 1555 suum.
1331 1488 1383 1554 At
1403 1490 1458 1555 illi

263 1593 494 1658 adorauerunt
504 1591 681 1657 dominum
697 1597 733 1656 et
742 1590 906 1656 dixerunt
921 1593 967 1656 ei:
990 1592 1082 1661 Vide
1094 1612 1136 1656 ne
1153 1591 1458 1658 ultracontemnas

263 1694 425 1777 angelum
442 1693 513 1774 dei;
534 1693 596 1759 sed
613 1713 715 1778 surge
731 1691 1002 1776 proficiscamur,
1026 1699 1061 1758 et
1076 1692 1171 1759 lento
1189 1693 1298 1778 gradu
1314 1715 1459 1778 pascen-

262 1803 316 1863 tes
334 1817 462 1861 eamus.

349 1901 360 1933 ⁵
378 1896 534 1981 Cumque
555 1897 701 1982 triginta
716 1898 791 1964 dies
813 1897 1032 1963 ambularent
1054 1905 1089 1963 et
1109 1904 1227 1964 essent
1249 1901 1316 1963 iam
1337 1919 1458 1983 prope,

264 2001 428 2086 apperuit
441 1998 567 2065 Annae
589 2000 625 2064 in
647 2001 803 2066 oratione
827 2001 935 2066 stanti
957 2002 1102 2084 angelus
1120 2001 1250 2066 domini
1267 2001 1387 2067 dicens
1411 2001 1458 2067 ei:

262 2103 361 2172 Vade
379 2104 423 2169 ad
439 2108 574 2187 portam
591 2124 678 2187 quae
695 2122 801 2168 aurea
815 2109 959 2169 vocatur
979 2109 1014 2167 et
1029 2123 1172 2168 occurre
1188 2105 1260 2169 viro
1278 2111 1353 2186 tuo,
1376 2125 1460 2188 quo-

265 2208 357 2272 niam
380 2206 498 2272 veniet
523 2205 566 2270 sd
591 2211 625 2270 te
650 2205 765 2271 hodie.
809 2202 861 2271 At
884 2204 947 2270 illa
969 2203 1180 2271 festinanter
1202 2207 1358 2290 perrexit
1381 2227 1460 2272 cum

263 2309 392 2393 puellis
408 2309 496 2390 suis,
520 2313 556 2372 et
571 2309 688 2392 coepit
703 2309 739 2372 in
758 2310 836 2390 ipso
849 2313 952 2391 porta
967 2313 1063 2373 stans
1081 2328 1189 2373 orare.
1226 2308 1274 2372 Et
1290 2330 1367 2374 cum
1384 2309 1459 2374 diu-

263 2413 334 2479 tius
350 2417 570 2496 exspectaret
586 2417 621 2477 et
636 2411 741 2495 longa
757 2411 1016 2495 exspectatione
1031 2409 1206 2493 deficeret,
1224 2411 1363 2477 elevans
1380 2432 1461 2479 ocu·

263 2515 315 2581 los
335 2534 417 2580 suos
432 2514 520 2580 vidit
533 2513 690 2579 Ioachim
705 2514 902 2580 venientem
923 2534 1000 2581 cum
1020 2512 1206 2598 pecoribus
1227 2515 1317 2597 suis,·
1341 2535 1460 2580 occur·

262 2641 413 2704 reusque
429 2615 536 2684 Anna
551 2616 737 2701 suspendit
752 2637 789 2683 se
806 2617 842 2682 in
859 2617 949 2684 collo
966 2618 1052 2702 eius,
1070 2618 1199 2703 gratiae
1216 2638 1323 2703 agens
1340 2617 1406 2686 deo
1424 2625 1461 2685 et

264 2801 382 2853 raretum
393 2809 467 2855 eom,
478 2797 543 2845 item
551 2790 588 2859 etl
601 2794 887 2860 computarentur,
896 2810 952 2843 ecce
963 2792 968 2860 Ι
979 2790 1222 2859 canpeleedomieil
1235 2795 1302 2860 equi
1310 2794 1461 2860 eioipilosti

264 2884 314 2931 iam
326 2886 486 2946 opposuerat
498 2879 503 2946 Ι
517 2895 533 2930 s
546 2881 572 2929 ia
583 2876 684 2946 samael
698 2894 715 2929 r
727 2897 744 2928 o
755 2880 854 2929 domiso
868 2878 872 2944 Ι
886 2880 1089 2930 misericordiae:
1101 2894 1118 2929 u
1131 2881 1260 2930 orationes
1272 2878 1277 2946 Ι
1291 2894 1309 2930 e
1319 2897 1382 2946 quoe
1394 2885 1423 2931 te
1434 2886 1461 2932 et

264 2970 342 3017 Anao
357 2983 422 3017 uxor
440 2971 485 3016 tuo
493 2967 611 3032 sectetis,
628 2980 645 3015 n
662 2982 725 3031 quae
742 2970 770 3014 te
786 2969 811 3013 et
828 2966 886 3029 ipso
894 2965 999 3029 societis
1018 2963 1022 3032 Ι
1042 2970 1067 3015 et
1085 2965 1137 3015 tole
1153 2967 1289 3016 detumeat
1306 2965 1334 3029 (s
1346 2965 1436 3031 datrae)
1449 2992 1459 3005 ·

264 3069 396 3117 eampum
408 3052 439 3100 at
451 3053 507 3102 init.
519 3068 565 3100 neo
576 3050 607 3114 (n
619 3067 662 3101 om
679 3052 779 3101 abiait.
797 3049 853 3112 eea)
863 3066 921 3114 pro.
935 3055 980 3098 out
992 3048 1021 3112 (n
1034 3050 1088 3106 eet,·
1105 3050 1189 3113 enee)
1202 3056 1245 3102 etc
1264 3067 1324 3101 cum
1336 3064 1404 3113 σοις
1423 3066 1459 3102 au

265 3139 380 3203 colaque
393 3136 419 3199 (u
432 3138 485 3186 eoo.
498 3136 573 3199 enim)
585 3137 647 3185 deus
659 3136 736 3185 talem
747 3136 940 3200 dotitsraotam
950 3135 1048 3199 quatem
1060 3136 1091 3184 oi
1101 3137 1156 3184 tait.
1166 3152 1248 3200 eumq.
1258 3137 1360 3186 haim.
1366 3139 1460 3202 propi.

264 3240 309 3273 nee
318 3228 420 3273 sonetur
428 3223 522 3288 aliquis
530 3239 576 3271 neo
583 3223 640 3272 iob.
650 3226 707 3271 etot
720 3218 725 3289 Ι
739 3223 884 3285 Etfoctom
896 3226 933 3271 eet
943 3237 996 3270 cmo
1006 3221 1035 3281 (s
1044 3222 1112 3285 dune)
1122 3222 1267 3286 evipitoeeet
1279 3221 1307 3284 (s
1316 3222 1461 3289 evigilaret)

266 3315 322 3361 etc:
341 3321 376 3358 ec
396 3308 454 3357 Oum
470 3313 553 3358 aeteva
565 3308 621 3357 Ioa.
639 3307 784 3372 evipilasset
795 3325 812 3356 a
823 3323 907 3357 comeo
925 3305 929 3373 Ι
946 3309 1082 3372 preperrioe
1099 3323 1157 3358 euos
1174 3308 1202 3371 (Α
1216 3325 1298 3358 omnes
1307 3308 1406 3373 prepi:
1423 3321 1460 3360 cn

264 3396 416 3445 secretarios
426 3412 496 3452 κω,-
509 3408 525 3443 1³
538 3411 620 3443 oannes
632 3394 675 3458 qui
683 3394 823 3458 parcebant
831 3410 922 3458 prepee
933 3410 991 3443 euos
1009 3392 1013 3458 Ι
1034 3408 1049 3441 1³
1063 3395 1146 3459 eisque
1157 3410 1233 3444 somn.
1246 3394 1386 3443 huiusmodi
1396 3397 1460 3444 reci·

266 3481 332 3530 tavit
344 3478 348 3546 Ι
362 3480 464 3529 Atilii:
478 3494 495 3529 A
507 3480 626 3529 illicere
641 3476 645 3542 Ι
658 3492 674 3527 s
687 3480 758 3527 &um
769 3479 904 3528 odoraver.
916 3484 941 3527 et
953 3480 1005 3527 dix.
1020 3478 1024 3543 Ι
1038 3482 1075 3528 ei:
1087 3493 1141 3527 sus
1150 3495 1191 3528 om
1207 3476 1210 3544 Ι
1225 3480 1341 3542 appetam
1350 3481 1392 3529 clei
1401 3497 1460 3530 cum

266 3578 334 3614 cole:
353 3578 369 3612 s
382 3565 475 3614 dictum
487 3565 573 3628 sepeli
580 3601 586 3620 ,
604 3578 620 3612 n
633 3563 719 3626 ortpeti
730 3564 802 3612 dictu
815 3560 819 3626 Ι
833 3577 850 3610 A
860 3564 952 3627 profic.
964 3564 1022 3611 ltine
1034 3568 1060 3612 et
1068 3579 1140 3626 pose.
1150 3579 1241 3626 prepee
1253 3563 1321 3611 leuto
1331 3565 1408 3626 prod.
1422 3580 1460 3614 re·

266 3650 376 3709 deamat,
388 3662 406 3697 le
417 3651 475 3699 sinc
486 3655 510 3698 et
519 3650 590 3714 prot.
603 3653 628 3696 et
636 3664 709 3712 poso.
720 3661 810 3713 propes
823 3647 890 3697 tento
899 3664 941 3711 pr.
954 3648 1102 3697 reducamus

334 3736 358 3785 5.
387 3735 491 3800 &mque
510 3760 518 3771 ·
536 3734 694 3783 arietatoreat
711 3738 736 3782 et
753 3738 834 3783 essent
851 3732 878 3795 (c
897 3732 1053 3784 ambulantes
1070 3730 1162 3796 eeeeet)
1180 3756 1189 3770 ·
1208 3732 1287 3781 etoerti
1312 3731 1342 3794 (o
1360 3734 1459 3800 statim)

266 3829 309 3874 etc
320 3836 377 3872 cum
388 3833 438 3882 cr>3
451 3834 468 3870 r
482 3820 588 3885 &mque
597 3837 646 3884 per
658 3821 714 3869 dier
725 3820 785 3883 trip.
798 3819 955 3869 ambulantes
962 3820 1135 3884 pervenissent
1144 3825 1201 3880 ote;
1215 3831 1232 3868 e
1248 3817 1298 3882 Qai
1310 3836 1363 3868 eum
1375 3822 1460 3886 spatio

266 3911 326 3973 trip.
344 3909 440 3958 dieram
454 3908 576 3958 morando
593 3911 746 3956 reuertentes
764 3908 814 3956 iem
826 3921 908 3971 prope
925 3911 1018 3965 essent,
1037 3923 1092 3956 ecee
1110 3922 1167 3971 asp.
1180 3907 1244 3956 dom.
1258 3906 1338 3955 etaati
1350 3908 1417 3957 Aee.
1435 3913 1461 3959 ei

265 3996 352 4046 oranti
370 3995 493 4059 apponit
505 4001 562 4051 etc;
580 3994 705 4042 similiter
718 4006 735 4041 n
748 3991 846 4054 (statim
863 4008 910 4056 pro
923 3992 1014 4055 stanti)
1032 3989 1037 4058 Ι
1062 3992 1145 4042 Vtutet
1163 4006 1180 4041 s
1197 3991 1250 4042 edd
1268 3997 1294 4041 et
1309 3994 1416 4043 ascende
1434 3996 1461 4044 in

266 4047 404 4129 Ierieolem
423 4076 427 4144 Ι
445 4093 463 4128 Δ
476 4080 622 4143 adportare
634 4095 697 4142 petae
709 4079 805 4127 dieitur
819 4082 899 4140 porta
910 4094 1004 4136 cereo,
1022 4091 1039 4126 u
1052 4080 1086 4127 od
1096 4083 1198 4142 portam
1210 4094 1314 4126 aeream
1327 4075 1332 4143 Ι
1343 4080 1461 4142 Μίαν»

266 4172 324 4214 oter
337 4176 373 4211 so
386 4164 412 4211 ie
423 4165 466 4211 oio
479 4165 540 4226 pate
550 4164 624 4212 hodie
641 4162 669 4223 (n
682 4178 732 4225 quo
742 4163 800 4210 eino
812 4160 882 4219 leod.)
896 4163 930 4210 oet
943 4167 967 4209 te
978 4163 1059 4210 veniet
1075 4162 1103 4223 (B
1115 4161 1193 4224 oeait)
1208 4159 1213 4226 Ι
1227 4164 1264 4210 At
1280 4163 1331 4210 illo
1343 4168 1386 4212 etc
1400 4179 1460 4214 cum

265 4259 332 4306 0⁰⁸3
351 4259 369 4294 s
382 4246 438 4295 Illo
449 4262 508 4309 erpo
512 4247 605 4311 sertin.
618 4262 769 4294 conrarrene
778 4247 895 4308 perrexit
907 4247 941 4292 act
953 4261 1020 4302 eom,
1038 4258 1055 4291 Β
1069 4245 1086 4292 1
1086 4245 1125 4293 tto
1140 4261 1200 4308 erpo
1211 4262 1316 4308 carpene
1319 4247 1460 4311 festinavit

265 4335 340 4394 atque
353 4331 488 4379 laetissime
496 4331 614 4394 perrexit
630 4326 634 4394 Ι
655 4335 679 4379 et
691 4330 772 4390 coepit
785 4353 793 4363 ·
806 4344 889 4377 orere.
915 4329 953 4377 Et
964 4345 1018 4377 cum
1029 4330 1126 4378 diutius
1136 4345 1204 4393 emp.
1217 4334 1242 4377 et
1254 4329 1331 4393 leupo
1343 4329 1371 4394 (n
1382 4347 1461 4382 crore

264 4420 289 4464 et
306 4415 402 4464 diutius
417 4418 573 4477 exspectare.
596 4415 634 4463 Et
653 4431 706 4463 cure
724 4412 811 4477 leupo)
828 4439 836 4448 ·
856 4429 910 4461 euna
924 4429 980 4477 pec.
998 4414 1050 4463 eae
1066 4429 1124 4463 cum
1137 4426 1204 4470 onsf
1222 4427 1239 4462 Δ
1257 4419 1282 4464 et
1299 4416 1460 4479 ‹leprecam

264 4501 390 4549 dominam
401 4504 473 4550 etone
483 4501 511 4548 ie
522 4504 602 4563 porto
613 4499 657 4547 diu
669 4498 831 4562 exspectabat
843 4515 904 4547 mm.
933 4498 1006 4557 Ques
1019 4516 1073 4548 eene
1084 4501 1162 4549 nimio
1173 4502 1359 4563 exspectatione
1370 4502 1459 4568 defice·

264 4592 318 4645 ret,
336 4587 436 4636 eteoaua
454 4585 540 4635 oculos
556 4586 622 4634 cidit
633 4585 727 4651 proved
743 4585 829 4634 Iooch.
848 4589 900 4634 etc.
930 4584 1061 4635 Similiter
1079 4598 1103 4633 Β.
1124 4583 1128 4651 Ι
1148 4602 1329 4650 occurrensque
1346 4612 1355 4624 ·
1374 4587 1461 4638 etiem

265 4689 323 4722 cum
338 4685 382 4723 cn.
406 4686 423 4721 le
435 4676 461 4722 et
472 4672 585 4722 occurrit
597 4674 674 4721 Aeso
685 4675 710 4720 et
721 4672 851 4736 suspendit
863 4687 889 4721 ee
901 4672 927 4720 ia
939 4671 1005 4721 cotto
1017 4672 1082 4736 eiup3
1094 4689 1172 4738 opeae
1183 4673 1229 4722 deo
1238 4689 1280 4736 pr.
1292 4674 1374 4732 dicitf
1385 4686 1423 4723 ue
1435 4680 1461 4725 et

263 4775 399 4810 occurrens
416 4759 458 4809 itti
475 4759 510 4816 od
522 4758 614 4809 coliem
631 4759 685 4808 eice
700 4774 727 4807 ee
738 4759 868 4823 suspendit
880 4762 923 4809 etc
941 4759 969 4822 (n
981 4759 1112 4824 euepeadit
1126 4760 1207 4824 ipsum
1225 4758 1394 4822 mnpeaeando
1406 4777 1461 4811 enee
