3458 5640
286 621 518 673 avuncunlum
537 621 729 674 lur‘nuulsu
747 617 938 671 nnsslcum.
969 619 1046 668 XbV.
1065 619 1158 670 xnvl.
1260 616 1323 682 205

122 771 251 855 ipsum,
275 770 334 854 qni
351 771 531 837 ueritatem
554 771 590 836 in
606 771 720 836 lucem
736 768 917 854 producat.
948 767 1047 834 Tunc
1064 769 1249 836 descendit
1265 768 1323 834 do-

122 878 235 943 minus
252 876 366 958 Iesus,
389 881 425 942 ct
447 898 553 961 super
571 880 745 942 mortuum
763 879 861 940 stans
876 894 958 940 voce
975 895 1114 958 magna,
1136 873 1251 956 Zeno,
1273 873 1324 938 iu·

124 981 215 1066 quit,
237 981 348 1062 Zeno,
372 981 450 1065 quis
467 987 501 1047 te
520 981 562 1046 de
579 985 672 1045 tecto
689 975 956 1063 praecipitavit?
986 960 1086 1042 'l'unc'
1105 977 1323 1061 respondens

122 1089 290 1166 mortuus,
311 1084 474 1166 Domine,
496 1084 556 1166 ait,
580 1090 704 1150 uentu
724 1105 777 1149 me
794 1081 967 1164 deiecisti,
990 1081 1051 1147 sed
1069 1079 1087 1144 ὁ
1103 1082 1195 1166 δεῖμα
1212 1102 1264 1147 me
1283 1103 1324 1147 ex

123 1189 183 1253 illo
201 1186 408 1252 deturbavit.
444 1188 493 1251 Et
509 1209 586 1253 cum
602 1186 841 1269 praecepisset
857 1186 1017 1252 dominus
1040 1183 1260 1251 adstantibus
1284 1189 1323 1247 ut

122 1289 165 1354 ad
183 1290 287 1354 verba
308 1291 382 1355 eius
404 1291 642 1371 attenderent,
664 1290 860 1372 omnesqui
883 1287 1031 1354 aderant
1047 1289 1148 1355 deum
1170 1309 1231 1371 pro
1256 1287 1322 1353 hoc

122 1391 290 1456 miraculo
308 1390 508 1456 laudarunt.

597 1578 717 1646 Oneon
739 1577 852 1648 XLV.

208 1771 368 1837 Iusserat
391 1767 583 1854 aliquando
608 1770 693 1836 hera
714 1769 854 1837 domina
874 1768 989 1835 Maria
1009 1768 1186 1835 dominum
1207 1768 1325 1835 Iesum

124 1875 222 1942 abire
240 1880 276 1941 et
291 1893 415 1958 aquam
432 1874 500 1959 ipsi
517 1878 673 1959 exputeo
690 1874 825 1941 afferre.
851 1872 938 1941 (lum
949 1894 1030 1958 ergo
1042 1873 1190 1958 petitum
1201 1894 1325 1957 aquam

125 1979 286 2060 abiisset,
309 1977 432 2063 hydria
448 1979 516 2043 iam
534 1979 706 2063 completa
721 1977 824 2043 allisa
841 1984 876 2043 et
891 1978 1002 2043 fracta
1019 1983 1081 2043 est.
1113 1975 1325 2060 Expandens

125 2103 204 2148 vero
222 2080 382 2147 domiuus
399 2081 500 2147 Iesus
523 2080 702 2148 sudarium
723 2103 823 2148 snum
841 2080 1024 2147 collectam
1046 2101 1171 2165 aquam
1193 2078 1237 2146 ad
1258 2100 1326 2144 ma·

125 2192 214 2253 trem
235 2186 388 2252 suumin
410 2207 450 2251 eo
473 2185 616 2270 detulit,
643 2207 732 2269 quae
754 2206 826 2251 rem
850 2186 974 2251 mirata
998 2190 1061 2252 est.
1097 2184 1327 2252 Recoudebat

126 2297 242 2357 autem
262 2297 297 2357 ct
313 2290 539 2356 conservabat
554 2291 590 2355 in
608 2289 711 2356 corde
730 2312 791 2357 suo
811 2292 926 2356 omnia
942 2311 1030 2374 quae
1048 2288 1197 2355 videbat.

589 2545 710 2613 Onnur
733 2546 865 2614 XLVI.

210 2734 345 2799 Rursus
363 2732 432 2798 alio
445 2732 501 2798 die
513 2733 674 2801 dominus
687 2734 788 2802 Iesus
806 2736 849 2801 ad
865 2737 975 2803 rivum
994 2730 1105 2820 aquae
1121 2732 1326 2801 versabatur

127 2859 203 2904 cum
223 2836 357 2921 pueris,
381 2836 607 2923 fecerantque
630 2838 756 2905 iterum
777 2839 981 2925 piscinulas.
1014 2839 1188 2905 Dominus
1209 2844 1325 2904 autem

125 2941 226 3008 Iesus
238 2939 422 3007 duodecim
438 2961 600 3023 passeres
617 2941 774 3026 finxerat,
792 2964 921 3028 eosque
933 2943 1026 3010 circa
1040 2943 1212 3029 piscinam
1229 2964 1326 3009 suam

126 3045 171 3112 ad
187 3045 326 3130 singula
342 3045 454 3109 latera
470 3051 589 3111 ternos
607 3045 829 3114 instruxerat.
853 3048 942 3114 Erat
958 3054 1073 3114 autem
1084 3048 1158 3114 dies
1176 3045 1324 3113 sabbati.

126 3148 252 3233 Itaque
282 3147 453 3214 accedens
482 3148 575 3215 filius
600 3150 743 3217 Hanani
767 3152 921 3220 Iudaeus
948 3173 1079 3236 eosque
1106 3152 1326 3236 conspiciens

126 3253 212 3318 talia
231 3252 431 3333 molientes,
458 3252 569 3318 iratus
593 3261 627 3320 et
648 3255 950 3340 indignabundus,
972 3257 1090 3337 Itane,
1117 3255 1247 3339 inquit,
1270 3254 1326 3320 die

127 3355 263 3422 sabbati
285 3354 413 3438 figuras
435 3378 477 3421 ex
499 3357 573 3424 luto
595 3357 749 3444 fingitis?
780 3360 828 3424 Et
847 3381 995 3444 propere
1017 3380 1202 3426 accurrens
1224 3357 1327 3442 pisci-

127 3479 189 3524 nas
215 3480 331 3525 eorum
354 3458 537 3526 destruxit.
585 3460 672 3527 (lum
693 3484 772 3528 vero
796 3463 956 3530 dominus
979 3463 1080 3530 Iesus
1101 3484 1224 3528 manus
1246 3482 1326 3527 suas

126 3583 232 3647 super
250 3584 411 3646 passeres
435 3586 522 3649 quos
544 3565 690 3633 finxerat
712 3567 969 3653 complosisset,
996 3567 1180 3634 avolarunt
1203 3564 1256 3631 illi
1278 3563 1328 3649 pi-

125 3668 271 3753 piantes.
1113 3677 1117 3685 '

208 3772 348 3839 Deinde
371 3773 443 3840 filio
460 3775 604 3842 Hanani
626 3777 670 3842 ad
686 3777 768 3844 Iesu
787 3799 926 3862 quoque
946 3777 1117 3862 piscinam
1137 3775 1324 3843 accedente

125 3896 269 3960 eamque
288 3876 415 3943 calceis
433 3880 673 3963 conculcante,
697 3881 838 3946 evanuit
853 3901 945 3964 aqua
962 3881 1049 3948 eius.
1082 3880 1252 3965 Dixitque
1273 3879 1327 3945 illi

127 3980 287 4045 dominus
313 3980 429 4046 Iesus:
474 3981 773 4064 Quemadmodum
799 3986 940 4050 evanuit
964 4006 1055 4068 aqua
1080 3985 1163 4065 ista,
1191 3983 1241 4047 sic
1266 3973 1326 4047 tua

126 4101 264 4163 quoquc
282 4083 352 4145 vita
369 4091 560 4148 evanescet.
592 4085 640 4149 Et
657 4086 830 4167 extemplo
848 4108 935 4168 puer
952 4086 1011 4150 illo
1030 4086 1176 4150 exaruit.

127 4244 172 4253 ιι..

128 4321 132 4330 Ι
194 4339 272 4389 XLV.
291 4340 371 4392 altico
382 4342 507 4407 etfrceta
519 4347 570 4393 cst:
588 4343 627 4394 ita
640 4344 679 4393 Fi.
692 4360 741 4410 pro
755 4362 809 4395 cum
822 4361 921 4395 mrem
933 4344 1106 4405 attolleretur,
1111 4344 1207 4410 fracto
1219 4346 1257 4392 ert

196 4424 290 4477 XLVI.
301 4429 472 4495 fremantque
489 4455 520 4466 ··
538 4430 790 4497 passeresfinserat:
809 4430 849 4481 its
862 4431 901 4481 Pl.
921 4448 967 4496 pro
985 4431 1174 4496 adsumatque
1182 4446 1231 4495 por
1241 4429 1325 4480 culeos

126 4529 219 4578 quam
230 4530 262 4565 ea
272 4514 328 4564 rino
340 4515 395 4572 illo,
410 4516 553 4579 pbeinular
563 4517 612 4568 riti
624 4521 795 4569 commentar
800 4538 809 4576 ‚-
819 4520 974 4585 feceratque
985 4520 1100 4570 densam
1112 4519 1184 4568 Issus
1194 4516 1323 4567 duodecim

123 4615 242 4664 passeres

196 4688 278 4737 iratus
290 4693 314 4738 et
325 4689 541 4754 indipnetasdas:
557 4691 624 4743 haec
636 4693 707 4756 apud
721 4692 776 4743 sik.
790 4701 818 4746 et
830 4694 901 4744 uuir.
915 4709 969 4745 nou
983 4709 1109 4758 expressa
1122 4696 1208 4742 eraut

196 4789 296 4838 eamque
309 4773 401 4826 calcas
413 4778 589 4829 conatam«.-
600 4779 640 4830 itc
652 4779 708 4840 r1.;
723 4779 778 4831 sm.
791 4783 912 4832 verterat
923 4785 952 4831 st
963 4779 1037 4830 illam
1048 4781 1190 4831 desineret

1359 4560 1362 4591 l
