3458 5640
262 616 353 662 xvm
722 596 994 648 Psoucaounus.

263 749 348 815 tatio
370 767 582 830 eorumquae
600 746 688 830 apud
702 745 1016 811 Pseudeustathium
1032 747 1137 828 (East)
1155 767 1195 810 ex
1208 747 1456 832 proterangelio

263 862 433 945 leguntur;
449 860 528 924 item
543 856 701 925 nonnulla
716 878 757 924 cx
771 858 941 926 Germano
957 857 1149 941 patriarcha
1159 857 1296 941 (Germ),
1310 859 1457 944 Georgia

226 1052 229 1057 Α
263 971 510 1040 Nicomediensi
531 970 639 1055 (Gen),
660 969 784 1037 Iacobo
807 969 970 1036 monacho
995 970 1076 1052 (Iac)
1099 970 1282 1054 petivimus.
1325 970 1458 1039 Horum

263 1086 360 1169 plura
381 1086 448 1151 iam
471 1084 559 1169 apud
580 1083 756 1150 Thilonem
777 1082 958 1167 habentur,
987 1082 1137 1148 nonnihil
1160 1084 1260 1149 etiam
1281 1083 1349 1149 iam
1371 1084 1460 1169 apud

263 1197 466 1281 Fabricium,
489 1196 546 1263 sed
569 1217 628 1262 nos
652 1195 763 1262 omnia
785 1215 826 1261 cx
844 1195 925 1278 ipsis
942 1194 1061 1262 horum
1075 1201 1206 1279 patrum
1221 1195 1316 1263 libris
1325 1197 1350 1280 ¹)
1374 1202 1460 1263 attu-

263 1311 369 1376 limus.
412 1309 517 1375 Primi
546 1329 622 1375 vero
653 1328 787 1392 operam
816 1306 964 1373 dedimus
994 1313 1032 1373 ut
1058 1329 1098 1374 ex
1129 1309 1280 1375 omnibus
1311 1309 1459 1394 antiquis

262 1423 461 1488 testimoniis
485 1426 557 1488 arte
580 1420 697 1487 critica
718 1424 847 1485 textum
867 1441 966 1504 quam
989 1421 1131 1486 maxime
1152 1420 1360 1505 probabilem
1383 1442 1461 1488 con·

264 1535 488 1600 stitueremus:
510 1553 596 1616 quae
610 1552 663 1598 res
676 1531 788 1616 magni
802 1530 927 1597 laboris
942 1531 1007 1597 fuit
1021 1552 1137 1615 neque,
1154 1533 1188 1597 ni
1202 1531 1309 1616 fallor,
1326 1532 1460 1600 frustra

350 1644 633 1710 Instrumenta
660 1646 791 1709 autem
819 1642 966 1707 critica
989 1644 1133 1726 quibus
1162 1644 1201 1707 in
1224 1642 1375 1711 edendo
1397 1646 1460 1710 usi

264 1777 397 1822 sumus
419 1756 518 1821 haec
541 1761 642 1820 suut.

305 1891 328 1934 a
350 1869 369 1933 i.
380 1867 565 1934 eVenetus
579 1865 774 1932 Marcianus
789 1864 882 1931 class.
896 1863 945 1931 H.
961 1887 1047 1930 num.
1058 1864 1175 1931 XLII.
1191 1866 1315 1933 saeculi
1330 1867 1399 1934 fere
1415 1867 1459 1933 X

282 2005 286 2012 ·
350 1979 436 2046 Sunt
461 1977 542 2043 folia
572 1977 825 2043 membranacea
854 1997 985 2058 novem,
1016 1997 1037 2042 a
1065 1978 1178 2042 codice
1210 1980 1349 2062 antiquo
1381 1980 1460 2045 olim

351 2089 474 2169 avulsa,
496 2107 584 2152 nuuc
606 2087 780 2152 chartaceo
802 2091 993 2169 tegumento
1016 2087 1173 2153 involuta.
1211 2087 1260 2153 cf.
1279 2089 1395 2153 Graeci
1412 2113 1460 2153 co-

351 2201 430 2262 dices
456 2174 656 2281 manuscripti
681 2199 766 2281 apud
787 2197 909 2259 Nanios
934 2201 1088 2260 mamati
1126 2198 1246 2262 Bonan.
1271 2200 1361 2263 1184.
1405 2198 1460 2263 Ibi

353 2313 403 2373 est
425 2306 495 2371 cod.
511 2304 610 2386 CIV,
633 2309 667 2370 et
684 2310 820 2370 notatur
840 2305 1001 2369 sermonis
1020 2305 1190 2390 trigesimi,
1213 2308 1270 2389 qui
1292 2307 1327 2371 in
1349 2308 1462 2373 codice

224 2425 228 2432 ’
350 2417 577 2502 praecedebat¹
597 2416 879 2500 proterangelium
909 2416 1074 2500 signatum
1101 2438 1238 2482 numero
1260 2429 1320 2494 λᾱ,
1349 2438 1461 2504 super-

350 2551 422 2598 csse
454 2529 653 2612 clausulam,
691 2529 770 2594 item
801 2529 960 2596 sermonis
991 2528 1152 2614 trigesimi
1183 2530 1317 2597 secundi
1354 2530 1460 2597 solum

349 2644 497 2727 titulum,
531 2643 588 2728 qui
616 2647 667 2708 est
694 2641 863 2706 ῦωόθεσισ
891 2643 1062 2727 σύμτομοσ
1092 2638 1159 2708 iric
1191 2643 1367 2729 εὑρέσεωσ
1397 2638 1460 2708 τοῦ

351 2756 449 2842 dulos
478 2750 640 2840 σταυροῦ·
686 2752 956 2841 ἆμαγψώσκεῐαι
987 2757 1024 2819 δὲ
1050 2754 1111 2841 reip
1140 2755 1174 2819 ιδ’
1199 2751 1262 2821 τοῦ
1287 2759 1459 2841 Cemressp.

352 2867 467 2952 papdc.
512 2866 654 2932 Tantum
676 2867 841 2949 integrum
864 2868 1157 2950 transscripsimus.

308 3001 330 3046 a
352 2980 372 3044 i.
388 3000 415 3046 e.
430 2978 579 3048 Venetus
592 2977 785 3045 Marcianus
807 3000 941 3045 numero
959 2977 1181 3053 cacum.
1196 2981 1353 3064 signatus.
1393 2980 1459 3047 Ite·

351 3091 478 3157 centior
504 3096 555 3156 est
582 3089 695 3156 codice
718 3112 754 3173 u,
786 3090 842 3156 sed
868 3091 950 3155 nihil
979 3092 1120 3174 amplius
1144 3091 1184 3157 de
1212 3113 1250 3157 eo
1274 3095 1308 3158 in
1331 3094 1460 3159 schedis

352 3202 434 3267 meis
456 3206 608 3268 notatum
630 3201 748 3285 reperi.
791 3201 964 3286 Integrum
987 3204 1280 3286 transscripsimus.

310 3332 328 3379 c
350 3314 371 3378 i.
388 3335 415 3378 e.
430 3313 537 3379 Paris.
553 3312 635 3397 Reg.
650 3334 737 3378 nunc
752 3311 888 3378 Nation.
910 3335 997 3379 num.
1015 3315 1105 3378 1454.
1129 3316 1251 3380 saeculi
1274 3315 1319 3380 X.
1352 3316 1459 3397 Thilo,

353 3427 405 3492 cui
432 3429 567 3490 notatur
595 3424 677 3508 siglo
700 3446 735 3506 a,
764 3428 891 3490 textum
918 3425 1015 3490 huius
1043 3427 1288 3509 „antiquissimi
1311 3434 1345 3491 et
1366 3449 1460 3509 prae·

352 3536 565 3601 stantissimi“
588 3534 710 3600 codicis
731 3534 804 3600 loco
825 3534 950 3617 vulgati
974 3533 1085 3600 edidit.

308 3665 330 3709 η
353 3647 374 3711 i.
390 3666 416 3710 e.
436 3645 543 3709 Paris.
565 3643 648 3727 Reg.
670 3665 757 3709 nunc
778 3643 914 3709 Nation.
936 3666 1023 3708 num.
1042 3648 1131 3710 1215.
1155 3667 1240 3710 anno
1267 3649 1357 3711 1068.
1380 3649 1460 3712 scri-

343 3759 436 3842 ptus,
473 3754 581 3837 Thilo,
604 3755 692 3838 apud
711 3775 808 3839 quem
831 3753 912 3837 siglo
936 3775 956 3819 a
979 3760 1122 3839 notatur,
1145 3756 1344 3839 scripturam
1363 3759 1460 3823 istius

353 3871 453 3951 atque
475 3867 546 3933 eius
567 3867 623 3950 qui
647 3868 797 3951 sequitur
819 3886 893 3931 cum
916 3887 973 3932 suc
996 3872 1090 3933 textu
1113 3873 1265 3934 accurate
1288 3890 1322 3934 se
1346 3876 1459 3936 contu·

352 3977 467 4044 tulisse
490 3977 577 4042 dicit
1004 4060 1007 4066 Ι

307 4109 329 4154 η
352 4089 372 4154 i.
389 4110 415 4155 e.
436 4088 544 4154 Paris.
568 4087 650 4170 Reg.
672 4108 759 4152 nunc
780 4086 914 4153 Nation.
937 4110 1023 4153 num.
1045 4092 1135 4155 1468.
1158 4091 1280 4155 saeculi
1296 4091 1361 4157 XI.
1406 4091 1459 4158 De

353 4197 531 4263 collatione
559 4196 724 4280 Thilonis,
755 4198 808 4261 cui
836 4196 918 4282 siglo
943 4217 961 4262 c
989 4198 1206 4281 significatur,
1238 4200 1309 4265 vide
1337 4202 1379 4267 ad
1407 4224 1459 4267 co·

352 4306 457 4374 dicem
478 4326 510 4373 η.

296 4429 331 4484 r·
351 4419 373 4485 1.
389 4441 415 4485 e.
432 4424 544 4484 textus
566 4439 662 4502 quem
685 4438 724 4484 ex
740 4417 897 4485 Neandro
920 4424 996 4502 post
1012 4420 1201 4505 Grynaeum
1216 4422 1393 4489 Fabricius
1410 4445 1459 4490 re·

352 4531 458 4616 petiit
502 4529 588 4601 Vide
611 4551 711 4615 supra
732 4551 806 4614 pag.
820 4529 900 4599 XV.

229 4654 235 4667 .
352 4676 374 4754 ¹)
392 4690 432 4741 De
450 4691 493 4742 hic
511 4690 573 4743 vide
591 4706 671 4756 supro
694 4689 833 4757 pag.X11,
864 4725 867 4736 ‚
