3458 5640
660 629 830 689 vinmcrn
852 627 1076 719 sltvnronrs.
1380 625 1465 719 ,ιιι
1495 686 1500 694 .

274 780 374 854 habet
391 783 517 849 vultum
537 783 661 850 domini
682 783 715 848 in
739 783 835 849 domo
859 805 928 850 sua.
972 784 1020 851 Et
1037 785 1154 852 statim
1175 780 1274 854 iussit
1296 809 1368 856 eam
1391 795 1468 858 ante

275 890 456 975 potentiam
486 910 578 953 suam
607 887 735 954 adduci.
778 889 826 954 Ει
854 889 938 955 dixit
964 890 1005 955 ad
1034 911 1106 956 eam
1133 891 1185 958 Tu
1212 890 1314 960 habes
1341 886 1467 961 vultum

275 994 397 1060 domini
419 994 454 1058 in
477 993 574 1059 domo
597 992 681 1058 tua?
717 990 767 1057 At
792 993 852 1058 illa
880 994 1018 1078 negavit.
1062 993 1158 1061 Tunc
1180 995 1379 1064 Velosianus
1400 999 1467 1064 ius·

275 1097 317 1161 sit
346 1119 417 1162 cam
444 1096 529 1161 mitti
559 1096 593 1160 in
622 1096 809 1179 tormentis,
839 1096 941 1163 donec
967 1099 1093 1164 vultum
1122 1098 1244 1167 domini
1273 1101 1466 1168 insinuaret.

274 1199 339 1264 llla
365 1205 476 1266 alitam
504 1205 621 1265 coacta
647 1199 732 1265 dixit
757 1200 829 1286 Ego
858 1199 961 1266 habeo
989 1200 1081 1266 illurn
1108 1203 1142 1267 in
1171 1202 1307 1269 sindone
1335 1204 1465 1290 munda,

273 1304 403 1369 domine
430 1304 490 1387 mi,
522 1310 556 1369 et
582 1303 728 1388 quotidie
757 1304 858 1370 adoro
887 1303 987 1370 illum.
1031 1305 1231 1373 Velosianus
1260 1307 1342 1372 dixit
1367 1307 1465 1375 Mon·

257 1414 342 1473 stra
369 1407 448 1473 milri
475 1408 576 1473 illurn.
622 1407 716 1473 Tunc
743 1409 800 1473 illa
828 1408 972 1474 ostendit
994 1409 1119 1474 vultum
1142 1409 1272 1477 domini.
1315 1411 1465 1479 Velosia-

272 1533 334 1576 nus
357 1518 395 1577 ιιι
417 1512 499 1578 vidit
520 1512 628 1596 illum,
656 1514 837 1597 prostravit
858 1535 893 1578 se
921 1514 955 1578 in
982 1520 1121 1596 terram;
1150 1521 1183 1581 et
1210 1520 1339 1599 promto
1368 1517 1464 1583 corde

273 1621 306 1681 et
332 1623 425 1683 recta
452 1616 515 1682 fide
539 1617 758 1701 apprehendit
782 1640 854 1684 eum
879 1622 913 1684 et
934 1617 1071 1695 involvit
1090 1619 1124 1683 in
1148 1619 1284 1686 sindone
1307 1630 1409 1687 aurea
1431 1626 1465 1686 et

272 1721 447 1787 collocavit
468 1744 542 1788 eum
564 1723 599 1787 in
622 1722 755 1805 scrinio,
785 1728 818 1788 et
841 1721 999 1807 sigillavit
1021 1723 1142 1790 annulo
1165 1745 1234 1815 suo.
1277 1725 1324 1790 Et
1344 1724 1466 1791 iuravit

272 1847 346 1890 oum
376 1832 581 1892 sacramento
613 1829 648 1891 et
678 1826 761 1892 dixit
786 1825 881 1893 Vivit
907 1826 1059 1892 dominus
1090 1826 1171 1893 deus
1202 1833 1236 1894 et
1266 1850 1326 1913 pro
1359 1830 1465 1898 salute

273 1932 438 2015 Caesaris,
465 1953 531 1997 non
554 1930 678 1997 videbit
706 1954 778 1996 eum
807 1931 949 2014 amplius
976 1930 1072 1997 homo
1096 1953 1195 2016 super
1215 1933 1334 2000 faciem
1356 1939 1465 2001 terrae

272 2057 376 2118 usque
407 2056 472 2119 quo
504 2034 633 2100 videam
670 2034 785 2100 faciem
818 2034 941 2099 domini
977 2035 1040 2100 mei
1072 2034 1206 2101 Tiberii.
1259 2036 1286 2076 ²⁵
1313 2036 1360 2101 ut
1391 2060 1465 2103 cum

272 2139 335 2205 lroc
363 2139 513 2220 dixisset,
545 2139 719 2222 optimates
749 2139 807 2222 qui
837 2143 934 2203 erant
960 2137 1103 2204 Iudaeae
1136 2139 1252 2223 optimi
1283 2142 1465 2224 apprehen-

272 2243 391 2309 derunt
421 2243 567 2310 Pilatum
599 2248 637 2308 ut
668 2241 825 2308 ducerent
856 2241 897 2306 ad
933 2248 1063 2326 portum
1099 2242 1210 2309 maris.
1261 2242 1324 2311 Hle
1355 2251 1464 2313 autern

271 2348 488 2432 apprehendit
517 2347 642 2413 vultum
675 2346 799 2412 domini
832 2368 907 2413 cum
939 2346 1102 2441 omnibus
1122 2347 1292 2431 discipulis
1327 2350 1395 2416 suis
1431 2356 1466 2416 et

271 2453 421 2516 omnibus
457 2452 631 2537 stipendiis
663 2452 748 2533 suis,
786 2456 820 2516 et
851 2451 962 2517 eadem
994 2450 1046 2516 die
1084 2451 1305 2518 ascenderunt
1338 2476 1464 2521 navem.

271 2557 298 2596 ²⁰
321 2555 417 2622 Tunc
447 2556 616 2624 Veronica
650 2556 774 2623 femina
805 2555 982 2639 dereliquit
1012 2557 1122 2631 omnia
1153 2577 1238 2640 quae
1272 2557 1466 2640 possidebat

270 2680 329 2740 pro
362 2681 473 2724 amore
505 2659 630 2725 (llrristi
662 2663 696 2724 et
727 2664 841 2724 secuta
872 2663 923 2722 est
953 2656 1178 2724 Velosianum.
1230 2659 1278 2723 Et
1308 2659 1393 2726 dixit
1422 2661 1465 2727 ad

270 2782 343 2825 earn
365 2761 567 2827 Velosianus
592 2760 679 2846 Quid
703 2760 752 2826 vis
781 2765 840 2826 aut
866 2759 946 2844 quid
969 2761 1115 2845 quaeris,
1143 2762 1286 2838 mulier?
1329 2761 1379 2828 At
1406 2762 1465 2828 illa

267 2941 329 2990 ιιιιἹιί
340 2942 385 2991 des
399 2946 502 2992 sanctos
512 2941 637 3007 reliquias
649 2956 712 3006 quos
729 2941 804 2991 lactes
821 2943 890 3007 epod
908 2946 941 2992 ts.
973 2942 1024 2992 Sed
1041 2941 1166 2993 Veronica
1182 2945 1336 2994 oelsmnenter
1352 2943 1378 2992 si
1394 2958 1464 2992 rece-

268 3030 335 3078 sam't
352 3033 377 3080 et
393 3031 461 3080 dixit
478 3047 504 3080 se
521 3046 571 3080 noo
589 3029 680 3079 laedere
697 3045 779 3079 secam
795 3034 898 3080 sanetas
915 3029 1047 3096 reliquias.
1077 3030 1128 3081 oea
1144 3029 1298 3082 Volusianus
1308 3030 1333 3081 ei
1349 3046 1399 3081 non
1411 3047 1464 3081 ore·

267 3115 343 3174 didit,
361 3116 405 3165 sed
418 3131 566 3181 priomqoom
577 3118 715 3180 imponeret
727 3130 782 3164 eom
794 3115 915 3180 compulit
927 3131 981 3165 esem
992 3115 1071 3166 molto
1083 3119 1191 3176 terrore,
1210 3119 1248 3167 ito
1259 3122 1288 3168 st
1302 3117 1465 3182 confiteretur

266 3204 292 3247 et
309 3200 405 3249 diceret
425 3201 564 3258 Odomine,
582 3200 706 3250 inclusam
724 3201 751 3249 id
769 3200 851 3250 estin
869 3200 982 3250 codiculo
995 3200 1101 3264 (leotot)
1116 3217 1177 3261 meo,
1195 3202 1238 3251 otc
1250 3201 1361 3268 quotidie
1376 3217 1465 3265 preces

266 3288 336 3343 samo
360 3289 394 3336 od
411 3289 537 3337 dominam
557 3304 644 3338 meam.
684 3287 837 3337 Volusianus
853 3288 922 3336 dicit
938 3288 983 3336 Da
1000 3289 1061 3337 milei
1077 3289 1202 3338 dominam
1220 3305 1290 3353 qum
1307 3290 1415 3348 doras,
1438 3295 1464 3340 et

266 3390 310 3436 epo
330 3391 425 3440 qaoque
442 3375 554 3426 odorabo
572 3392 635 3424 eom
671 3375 796 3424 Veronica
814 3375 899 3439 itaque
916 3377 954 3423 sio
963 3375 1034 3439 seeit
1050 3391 1095 3423 nee
1112 3391 1176 3425 osso
1193 3379 1231 3424 est
1248 3377 1276 3425 id
1293 3393 1412 3427 recusare
1428 3376 1461 3426 ei.

270 3460 431 3520 Volusianus,
450 3463 561 3534 (eliquia
579 3464 603 3510 ei
621 3462 714 3519 alata,
729 3464 874 3526 prostravit
891 3476 917 3510 se
935 3461 961 3509 in
980 3465 1075 3510 umam
1093 3464 1119 3510 et
1135 3477 1189 3510 oum
1203 3478 1265 3510 oeno
1274 3463 1333 3527 jlde
1344 3463 1464 3512 odoravit

264 3564 332 3606 eom,
353 3553 379 3598 et
397 3550 551 3599 existimavit
567 3565 620 3599 esse
638 3548 735 3599 saltem
751 3549 846 3598 domini
863 3549 956 3612 ipsios,
979 3549 1027 3598 etsi
1044 3549 1143 3598 minime
1159 3553 1230 3608 erat,
1252 3551 1297 3599 sed
1314 3554 1372 3599 erot
1387 3551 1464 3600 sestis

264 3651 337 3699 quiam
351 3635 473 3686 Salvator
486 3637 539 3700 ipse
552 3639 715 3700 portaverat.
746 3637 786 3685 Et
803 3652 858 3685 oum
874 3634 1028 3684 Volusianus
1044 3636 1165 3693 surrexit,
1184 3638 1352 3700 apprehendit
1368 3638 1463 3687 cultum

263 3727 289 3772 et
302 3726 406 3787 potavit
417 3741 471 3775 esse
484 3725 580 3775 Christi
590 3724 695 3782 moltam,
714 3727 738 3773 et
755 3723 863 3772 insolvit
880 3723 906 3771 in
924 3723 1029 3772 sindone
1043 3738 1176 3788 purpureo
1189 3739 1251 3789 quoe
1269 3728 1294 3774 et
1312 3741 1374 3774 omo
1394 3729 1464 3778 texto

262 3816 332 3866 eram
350 3815 376 3859 ot
394 3810 531 3860 collocavit
548 3811 677 3859 sindonem
695 3810 722 3858 ie
739 3825 805 3858 oeno
823 3825 903 3859 ostreo
921 3824 1022 3873 sompno
1040 3809 1167 3874 sipiltooit
1182 3811 1276 3860 ansolo
1288 3827 1342 3869 sao,
1359 3814 1384 3860 st
1396 3812 1463 3862 disit

267 3900 336 3950 Vicit
348 3901 463 3950 dominos
480 3904 556 3967 atque
574 3901 659 3949 animo
676 3915 731 3949 ineo
748 3899 819 3956 oioit,
837 3913 964 3963 nunqnam
981 3898 1122 3964 dispiciam
1139 3899 1188 3948 mei
1199 3899 1296 3949 domini
1305 3901 1405 3967 sociem
1422 3919 1461 3951 us·

263 4007 308 4053 quse
326 3991 384 4038 dum
402 3990 499 4039 vestiam
517 3991 551 4038 od
570 3985 696 4039 Tiberium
713 3989 840 4038 dominum
857 4004 935 4038 meam
954 4002 1055 4053 eumque
1064 3990 1176 4054 fecerim
1194 3989 1325 4040 certiorem
1340 3991 1372 4039 de
1389 3991 1462 4041 sedus

262 4077 295 4122 iis
311 4075 423 4124 omnibus
441 4092 504 4139 premo
521 4076 562 4122 die
577 4081 665 4137 pestere
682 4079 749 4122 mini.

348 4162 473 4211 Extremo
490 4178 568 4226 osque
586 4177 633 4225 quo
651 4161 751 4211 videam
770 4165 812 4211 etc
831 4176 863 4211 ex
882 4160 947 4210 dmb
966 4164 1046 4222 sunt;
1068 4161 1126 4210 Von
1146 4175 1271 4225 qssoospoe
1292 4160 1385 4210 viderit
1406 4178 1460 4211 nm

261 4247 384 4297 domium.
770 4309 773 4316 Ι
1455 4244 1457 4248 ⁸

347 4334 390 4383 25.
416 4332 492 4384 llSox
510 4333 629 4385 breviter
648 4333 701 4383 sio:
723 4333 774 4391 Et,
791 4333 858 4391 scio,
876 4333 950 4382 iussit
966 4332 1083 4383 Pilatum
1100 4333 1173 4381 tradi
1189 4332 1311 4396 pessimae
1327 4333 1417 4392 morti,
1435 4337 1460 4382 et

261 4427 313 4471 term
330 4421 385 4470 ibat
402 4420 437 4470 od
454 4436 526 4470 suom
543 4436 639 4470 novem.

347 4508 389 4555 26.
415 4505 490 4556 Asis
504 4506 592 4570 priore
605 4506 644 4555 sic
658 4505 779 4555 exhibet:
798 4505 837 4555 Et
851 4503 1004 4554 omerobilis
1014 4502 1106 4552 mulier
1123 4502 1248 4553 Veronica
1259 4503 1364 4568 reliquit
1375 4508 1460 4556 osonio

262 4609 325 4658 quem
341 4592 487 4655 possidebat
501 4608 551 4655 pro
570 4592 668 4641 nornine
687 4592 784 4641 Christi
801 4595 826 4640 et
843 4594 930 4640 secato
946 4594 984 4639 est
1006 4589 1183 4648 Volusianum,
1205 4591 1230 4637 et
1248 4606 1386 4639 ascensuro
1402 4597 1459 4641 erut

260 4695 348 4728 naono
366 4695 420 4726 eom
438 4695 476 4728 eo.
513 4679 553 4727 Iit
575 4675 728 4727 Volusianus
745 4677 814 4726 dicit
830 4677 855 4726 οι·
875 4676 897 4725 O
914 4674 1012 4733 mulier,
1032 4675 1092 4739 quid
1111 4675 1230 4738 quoeris?
1256 4674 1311 4724 ula
1326 4676 1460 4738 rsepondit

260 4766 285 4813 ei
301 4769 326 4813 et
343 4766 411 4813 dixit
431 4764 533 4826 Quaero
551 4764 677 4813 dominum
694 4779 781 4812 meam.
1460 4786 1464 4797 ·

311 4861 698 4915 Brute.apocr.ed.'l'lselsondort.
723 4861 764 4902 Bel.
775 4862 803 4901 11.
1212 4845 1245 4893 31
