3458 5640
271 518 354 620 'vm
749 556 1023 610 PROLEGOMENA.

290 707 383 790 alius,
406 727 512 790 neque
535 707 563 771 is
586 706 720 772 minoris
744 708 967 773 aestimandus
987 715 1050 774 ast:
1073 729 1269 792 magnopere
1289 711 1375 774 enim
1395 710 1489 774 adiu·

290 824 370 883 vant
387 816 582 901 indagantes
601 819 830 883 canonicorum
849 819 1094 901 evangeliorum
1112 820 1267 900 rationes,
1290 820 1486 906 quibuscum

290 949 363 993 eam
377 927 502 993 habent
518 928 792 993 necessitudinem
806 934 845 992 ut
860 935 1019 1012 quantam
1040 928 1099 994 illa
1113 930 1147 994 in
1163 930 1236 1013 ipsa
1251 930 1368 995 ultima
1382 931 1488 996 acele-

291 1039 359 1104 siae
380 1039 579 1121 antiquitate
595 1040 828 1104 auctoritatem
843 1038 1019 1105 habuerint
1039 1040 1223 1124 ostendant,
1245 1047 1485 1124 praetereaque

291 1155 325 1217 et
348 1170 614 1232 sermonemque
638 1150 762 1233 scripta
783 1155 860 1215 sunt
882 1156 916 1216 et
939 1171 992 1216 res
1011 1172 1093 1234 quas
1116 1150 1250 1217 tradunt
1272 1158 1305 1217 et-
1327 1152 1488 1236 interpre-

289 1262 433 1328 tationes
457 1282 540 1344 quas
563 1262 735 1327 subierunt
756 1262 932 1328 illustrent.

375 1373 440 1440 Sed
464 1375 503 1441 de
525 1375 577 1439 his
599 1396 687 1438 nunc
714 1395 778 1438 non
806 1381 857 1439 est
883 1375 1077 1457 explicatius
1101 1374 1288 1455 dicendum3
1316 1377 1380 1440 iam
1410 1375 1489 1440 seci-

289 1505 363 1549 mus
386 1485 420 1550 id
444 1484 576 1568 quidem
599 1483 710 1549 libello
734 1504 839 1565 nuper
860 1484 948 1567 apud
966 1485 1128 1567 Haganos
1150 1485 1319 1568 publicato
1332 1487 1364 1568 ¹),
1387 1507 1486 1568 quem

289 1595 347 1660 ubi
369 1596 512 1679 primum
533 1615 593 1678 per
616 1594 719 1660 otium
740 1595 872 1660 licuerit
894 1596 1080 1660 accuratius
1107 1601 1257 1678 repetere
1279 1597 1485 1679 propositum

291 1711 349 1772 est.
397 1705 550 1771 Breviter
580 1710 708 1770 tantum
736 1704 798 1770 hoc
826 1706 899 1772 loco
927 1703 1138 1771 indicandum
1165 1706 1339 1773 uidebatur
1367 1709 1486 1792 quanti

289 1819 449 1885 momenti
481 1822 691 1902 quantaeque
722 1824 809 1884 esset
838 1817 1012 1900 utilitatis,
1048 1825 1162 1884 nostra
1193 1825 1281 1885 corte
1312 1822 1511 1905 sententia„

293 1931 535 2014 evangeliorum
556 1929 821 2013 apocryphorum
845 1929 1002 1995 studium:
1024 1936 1163 2014 propter
1183 1931 1269 1997 hano
1290 1934 1376 1997 enirn
1393 1954 1487 1998 caus-

291 2062 362 2107 sam
391 2047 425 2106 at
451 2042 515 2125 ipsi
543 2040 685 2106 studium
713 2040 913 2106 contulimus
940 2040 982 2106 ad
1007 2041 1067 2106 hos
1094 2041 1194 2107 libros
1223 2042 1373 2108 edendos.
1419 2043 1486 2128 Qui

292 2172 492 2236 quamquam
528 2151 604 2217 inde
641 2153 682 2217 ab
719 2157 830 2226 aetate
866 2152 1117 2218 reformatorum
1153 2173 1259 2235 usque
1296 2153 1337 2218 ad
1372 2159 1487 2219 nostra

291 2269 443 2346 tempora
471 2250 634 2329 editorum
657 2263 829 2328 doctorum
855 2263 1050 2329 iudustriam
1078 2265 1168 2328 nacti
1190 2269 1279 2347 sunt,
1307 2270 1418 2329 tamen
1441 2263 1487 2328 sa·

290 2374 352 2438 cile
375 2372 572 2457 intelligitur
593 2377 719 2438 textum
742 2393 856 2439 eorum
878 2372 1023 2439 noudum
1046 2394 1086 2439 ea
1108 2373 1341 2456 probabilitate
1365 2375 1488 2440 cousti-

186 2486 188 2490 '
291 2488 399 2548 tutum
423 2504 495 2548 esse
512 2505 597 2567 quae
621 2505 661 2549 ex
684 2485 831 2567 antiquis
852 2483 948 2549 libris
968 2505 1067 2550 manu
1086 2486 1218 2567 scriptis
1232 2485 1359 2550 hauriri
1376 2490 1488 2568 queat

290 2593 376 2662 Sunt
402 2601 513 2660 autem
540 2596 729 2679 apocrypha
757 2595 925 2679 evangelia
947 2597 1105 2663 eiusmodi
1127 2602 1165 2661 ut
1186 2618 1266 2681 prae
1289 2596 1408 2662 ceteris
1433 2617 1488 2661 cu·

289 2726 362 2771 ram
391 2707 541 2772 criticam
568 2713 720 2791 poscant,
748 2728 855 2789 nsque
878 2713 967 2772 recte
990 2707 1140 2773 adhiberi
1162 2708 1291 2791 possint
1312 2708 1375 2772 nisi
1404 2709 1486 2773 auti·

292 2816 405 2899 quiere
428 2821 520 2882 textu
544 2839 564 2882 a
585 2817 823 2882 mutationibus
842 2839 924 2900 quas
945 2819 1108 2901 posterior
1130 2818 1232 2883 libido
1254 2820 1380 2884 invexit
1401 2818 1488 2882 bene

291 2925 461 2992 distincto:
489 2932 540 2992 tot
568 2928 655 2993 euim
684 2927 744 2994 illa
766 2927 898 3012 quidem
925 2928 1099 2994 subierunt
1127 2949 1237 3012 casus,
1265 2935 1315 2995 tot
1341 2935 1375 2994 et
1402 2929 1488 2994 tales

290 3040 501 3107 recensiones
524 3045 662 3123 experta
683 3045 768 3123 suut,
791 3044 829 3106 ut
849 3039 1055 3107 nihilsimile
1073 3042 1282 3108 cecideritin
1301 3043 1367 3107 ullo
1386 3041 1489 3107 libro·

292 3174 366 3218 rum
394 3173 575 3234 sacrorum,
607 3172 690 3238 quos
717 3153 915 3219 variantium
943 3154 1121 3220 lectionum
1148 3176 1268 3240 magna
1295 3156 1326 3220 vi
1353 3154 1489 3220 obrutos

291 3286 362 3332 esse
392 3270 528 3332 oonsmt
573 3263 856 3352 Quemadmodum
883 3271 994 3333 autem
1021 3266 1127 3333 libelli
1150 3268 1207 3352 qui
1232 3268 1297 3332 huc
1319 3268 1490 3351 pertinent

291 3377 413 3444 dudum
442 3376 523 3443 editi
548 3377 681 3444 labores
704 3379 793 3444 circa
814 3383 940 3445 textum
963 3379 1095 3461 criticos
1117 3380 1306 3464 requirunt,
1333 3381 1382 3445 ita
1409 3387 1487 3445 sunt

291 3490 350 3555 alii
378 3510 451 3554 cum
481 3489 578 3554 editis
606 3489 658 3555 rel
685 3490 825 3555 arctiore
852 3490 903 3555 vel
930 3488 1054 3556 laxiore
1078 3490 1207 3556 vinculo
1236 3490 1405 3556 coniuncti
1429 3491 1486 3572 qui

291 3600 460 3684 hucusque
482 3600 517 3664 iu
539 3600 814 3666 bibliothecarum
837 3601 955 3667 umbra
976 3600 1185 3668 delituerunt.
1228 3600 1302 3666 Hos
1324 3601 1427 3684 igitur
1449 3607 1488 3667 ut

290 3713 432 3796 primum
454 3713 489 3777 in
511 3710 618 3777 lucem
640 3711 830 3797 proferrem,
851 3712 925 3778 illos
946 3719 984 3778 ut
1006 3713 1163 3778 subsidiis
1181 3713 1275 3778 novis
1291 3713 1415 3778 criticis
1431 3734 1488 3780 ex·

291 3824 433 3890 colerem
462 3830 563 3908 atque
590 3823 813 3907 emendarem,
840 3825 1046 3909 propositum
1069 3825 1148 3890 mibi
1177 3830 1249 3891 arat
1274 3826 1308 3890 in
1336 3826 1491 3909 paranda

290 3935 355 4001 hac
386 3937 632 4018 evangeliorum
665 3938 930 4022 apocryphorum
962 3938 1114 4003 editione.
1167 3936 1210 4003 In
1242 3959 1309 4021 qua
1340 3937 1419 4022 quid
1452 3939 1487 4002 in

289 4052 466 4130 utramque
493 4053 622 4131 partem
649 4050 872 4132 praestiterim
893 4048 945 4115 vel
971 4055 1141 4114 assecutus
1163 4049 1243 4114 mihi
1264 4048 1391 4131 videar,
1417 4051 1485 4115 iam

290 4157 405 4240 paucis
428 4156 603 4223 dicandum
634 4159 706 4224 erit
760 4159 857 4244 Quod
888 4161 936 4224 ita
965 4159 1136 4225 instituam
1166 4165 1204 4224 ut
1230 4160 1297 4225 tria
1323 4160 1487 4225 librorum

290 4267 410 4331 horum
429 4269 690 4350 evangelicorum
708 4290 831 4351 genera
848 4269 1057 4351 distinguam,
1079 4291 1220 4352 quorum
1238 4272 1380 4353 primum
1399 4291 1487 4334 oom-

290 4391 503 4399 ——-..-—-

377 4454 399 4520 1)
417 4459 459 4508 De
476 4459 662 4523 occupatiorem
680 4460 878 4525 apocryphorum
893 4460 990 4524 origiue
1005 4466 1030 4510 et
1041 4477 1095 4511 aas.
1126 4459 1241 4525 Scripsit
1258 4459 1285 4512 G.
1298 4460 1486 4511 Tiscbendort.

289 4540 452 4606 Diuquisitio
470 4542 600 4593 historica
618 4542 713 4592 critica
725 4557 803 4607 quam
819 4545 936 4608 praemio
954 4559 1032 4593 nureo
1048 4543 1156 4610 diguam
1174 4545 1281 4595 censuit
1298 4544 1419 4595 Societas
1432 4545 1488 4595 lia·

289 4640 426 4692 genapia
445 4625 616 4678 defendent·
634 4626 775 4693 Religioue
794 4625 957 4679 Christiana.
985 4627 1078 4695 Hegea
1097 4626 1229 4680 Comitum
1248 4630 1324 4680 1851.
