3458 5640
264 608 325 673 188
433 608 666 660 svaudunum
685 608 876 659 iussimus
895 608 1085 660 sasamon.
1111 607 1183 660 xvl.
1202 609 1290 661 xvn.

262 760 387 827 laudes
409 766 444 826 et
465 763 581 844 grates
604 759 685 844 egit.
727 756 871 824 Incolae
893 764 1009 824 autem
1032 758 1107 824 eius
1129 757 1250 845 oppidi
1270 759 1334 826 illa
1358 765 1462 831 nocte

263 864 391 951 gaudio
408 863 642 949 exsultarunt,
664 884 704 929 ac
720 861 823 929 deum
839 862 1055 948 angelosque
1072 864 1148 930 eius
1164 862 1209 931 ad
1225 884 1302 932 sese
1320 864 1464 933 descen-

264 969 357 1038 disse
373 974 552 1055 putarunt.

735 1137 856 1207 Ounuu
879 1139 981 1209 XVI.

348 1312 517 1377 Triduum
535 1311 584 1377 ibi
601 1311 846 1393 substiterunt,
864 1314 900 1376 in
917 1311 1049 1377 honore
1065 1311 1177 1377 habiti
1194 1318 1229 1378 et
1243 1312 1337 1380 laute
1347 1315 1462 1381 viven-

263 1422 327 1481 tes.
366 1415 507 1484 Viatiao
525 1412 652 1478 deinde
670 1414 834 1478 instructi
851 1413 894 1479 ab
911 1414 983 1479 illis
1001 1413 1240 1479 discesserunt
1255 1422 1290 1480 et
1304 1418 1341 1480 in
1357 1417 1462 1482 aliam

263 1516 384 1582 urbem
405 1520 656 1602 pervenerunt,
683 1516 720 1580 in
742 1537 826 1601 qua,
852 1516 945 1601 quod
971 1515 1170 1582 hominibus
1191 1516 1355 1601 frequens
1376 1525 1461 1604 erat,

262 1626 469 1705 pernoctare
496 1619 705 1702 cogitarunt.
741 1618 830 1684 Erat
852 1639 933 1684 vero
959 1619 994 1683 in
1022 1638 1063 1683 ea
1087 1618 1173 1684 urbe
1195 1619 1321 1686 mulier
1341 1621 1460 1706 proba,

264 1745 352 1808 quae
374 1743 451 1788 cum
473 1720 664 1806 aliquando
687 1721 838 1797 lavatum
858 1721 902 1787 ad
919 1721 1046 1786 flumen
1066 1722 1201 1806 ivisset,
1225 1744 1305 1790 ecce
1322 1731 1461 1791 satanas

263 1826 471 1892 maledictus
493 1824 530 1889 in
553 1824 664 1890 forma
685 1826 860 1909 serpentis
885 1824 1072 1891 insiluerat
1098 1826 1134 1890 in
1158 1846 1232 1892 eam
1254 1834 1289 1893 et
1308 1834 1461 1894 ventrem

264 1934 340 1998 eius
352 1928 689 2014 circumplicaverat3
707 1930 845 2013 quoties
862 1935 978 1996 autem
989 1951 1058 1995 nox
1068 1931 1265 2015 ingruebat,
1282 1934 1461 2015 tyrannice

265 2055 340 2100 eam
362 2032 518 2098 vexabat.
560 2031 661 2097 Haec
681 2032 807 2097 mulier
828 2035 1031 2114 conspicata
1051 2032 1168 2098 heram
1193 2035 1366 2099 dominam
1389 2034 1464 2100 Ma·

171 2181 174 2187 ,
263 2142 350 2206 riam
367 2144 403 2204 et
419 2138 596 2203 dominum
613 2134 792 2202 Christum
808 2136 978 2202 infantem
995 2139 1031 2202 in
1048 2139 1127 2203 sinu
1145 2139 1232 2220 aius,
1254 2136 1358 2202 huius
1375 2137 1464 2202 desi·

265 2243 362 2308 derio
385 2241 510 2307 affecta
530 2241 635 2306 herae
658 2239 819 2304 dominae
840 2238 976 2305 Mariae
999 2238 1100 2305 dixit:
1140 2237 1169 2305 Ο
1192 2239 1290 2320 hera,
1314 2238 1358 2303 da
1379 2238 1464 2305 mihi

264 2346 357 2412 hunc
373 2344 544 2409 infantem
559 2350 600 2409 ut
615 2364 693 2409 eum
710 2348 842 2428 gestem
860 2348 896 2408 et
912 2342 1105 2408 deosculer.
1135 2342 1247 2408 Dedit
1262 2344 1371 2426 igitur
1386 2364 1464 2409 eum

264 2449 417 2516 mulieri:
438 2447 595 2532 adquam
611 2467 688 2512 cum
705 2446 866 2513 admotus
883 2452 986 2530 esset,
1004 2447 1138 2513 dimisit
1154 2468 1229 2513 eam
1245 2446 1306 2511 ille
1324 2451 1464 2513 satanas

266 2561 302 2620 et
316 2554 456 2638 fugiens
474 2573 549 2618 eam
565 2552 721 2636 reliquit,
738 2571 853 2636 neque
869 2572 1022 2636 unquam
1038 2559 1119 2636 post
1134 2552 1227 2616 hunc
1238 2551 1329 2616 diem
1339 2551 1465 2617 mulier

265 2659 365 2725 illum
380 2658 478 2724 uidit.
511 2655 627 2742 Quare
650 2678 769 2723 omnes
790 2657 849 2740 qui
870 2656 1017 2722 aderant
1037 2678 1207 2723 summum
1224 2658 1325 2722 deum
1345 2654 1465 2722 lauda·

265 2766 359 2845 runt,
377 2766 412 2825 et
427 2759 553 2825 mulier
567 2761 637 2825 ista
651 2759 848 2824 liberaliter
863 2760 907 2824 iis
923 2758 1111 2824 benefecit.

733 2980 854 3048 Gerar
876 2980 998 3051 XVII.

350 3155 498 3221 Postero
525 3155 581 3219 die
612 3153 732 3220 eadem
757 3154 884 3220 mulier
913 3175 1037 3238 aquam
1068 3154 1245 3220 odoratam
1272 3155 1395 3218 sumsit
1423 3160 1463 3220 ut

268 3259 446 3325 dominum
462 3257 581 3324 Iesum
597 3257 743 3339 lavaret3
767 3279 834 3342 quo
852 3259 923 3324 loto
941 3279 1065 3342 aquam
1081 3258 1177 3324 illum
1195 3256 1313 3342 quaid
1330 3258 1464 3322 fecerat

267 3366 402 3447 recepit
418 3364 563 3445 eiusque
580 3367 713 3445 partem
733 3362 768 3425 in
785 3361 937 3445 puellam
954 3361 1003 3426 ibi
1021 3361 1250 3442 habitantem,
1274 3362 1372 3425 cuius
1390 3380 1463 3425 cor·

266 3487 332 3548 pus
357 3466 456 3548 lepra
479 3464 596 3529 album
623 3469 712 3543 erat,
741 3463 864 3528 effudit
888 3463 1053 3559 illamque
1080 3483 1121 3527 ea
1145 3463 1241 3527 lavit:
1274 3483 1342 3544 quo
1367 3461 1461 3527 lacto

266 3567 386 3650 puella
402 3566 518 3631 statim
540 3565 674 3647 alepra
689 3571 837 3648 purgata
857 3571 919 3628 est.
957 3562 1134 3648 Oppidani
1156 3571 1270 3628 autem
1292 3565 1352 3629 isti
1369 3563 1463 3628 dixe-

335 3741 392 3793 XV.
411 3741 517 3791 Iuaalae
529 3746 612 3790 autem
625 3766 634 3777 ·
645 3767 653 3778 -
662 3745 803 3804 putarunt.-
816 3740 855 3790 ita
867 3740 906 3789 lo.
931 3741 1007 3805 Apud
1022 3740 1077 3790 Sia.
1091 3745 1118 3791 et
1130 3741 1200 3790 Thin
1214 3745 1256 3792 est
1268 3740 1367 3805 Magea
1377 3741 1465 3804 itaque

266 3833 314 3881 dac
325 3835 398 3880 sarie
410 3829 512 3879 laetitia
523 3829 591 3878 inter
601 3828 667 3877 ciues
678 3828 732 3877 eius
743 3827 831 3890 appuli
843 3826 981 3886 oriebatur,
994 3827 1057 3877 adea
1069 3832 1098 3876 ut
1107 3832 1230 3892 putarent
1238 3827 1310 3879 deum
1322 3833 1347 3878 et
1359 3827 1464 3891 angelos

266 3920 320 3969 eius
335 3918 370 3967 ad
381 3932 434 3967 ease
445 3915 610 3965 descendisse.

336 4003 406 4052 XVI.
424 4001 517 4051 mulier
524 4000 622 4063 prada.-
634 4001 673 4050 ita
685 3999 741 4060 ΡΜ
755 3996 811 4049 Sila.
824 4003 853 4049 st
865 3999 935 4048 Thil.
946 3999 1039 4049 mulier
1049 4000 1143 4049 nabilis

335 4089 433 4153 quoties
443 4091 527 4136 amm
539 4112 548 4122 ·
561 4112 570 4122 ·
583 4085 704 4134 creabat.-
716 4085 755 4134 ita
768 4084 822 4144 1³14
839 4083 894 4134 sik.
908 4088 937 4134 et
948 4085 1019 4134 Thil.
1031 4085 1186 4148 singulisque
1198 4085 1312 4133 sortitus
1323 4101 1400 4148 super
1412 4084 1464 4132 ilia

267 4190 293 4221 se
305 4172 455 4222 extendebat

334 4258 408 4306 iuius
419 4256 545 4304 desideria
557 4255 651 4321 affecta
662 4255 739 4302 desae
750 4254 866 4301 domiuus
879 4279 887 4288 ·
898 4278 907 4289 ·
920 4253 1065 4302 deosculer:
1078 4255 1117 4302 ita
1130 4253 1169 4300 1⁸¹1.
1191 4253 1268 4316 Apud
1282 4253 1337 4300 sik.
1351 4257 1379 4302 ct
1392 4252 1463 4301 Thil.

266 4346 309 4393 est
320 4342 429 4406 rogabat
440 4342 527 4390 Mam
539 4339 663 4388 demissam
676 4337 790 4387 Mariam
803 4343 832 4386 ssi
843 4338 892 4386 sibi
903 4338 1027 4402 infantem
1038 4340 1103 4387 dura
1114 4338 1262 4402 gestandum
1279 4342 1304 4387 st
1315 4337 1463 4387 &asculan-

266 4429 325 4477 dum
338 4426 454 4476 traderet

334 4512 418 4562 XVII.
438 4528 486 4576 qua
499 4511 552 4560 lato
564 4536 573 4549 ·
587 4537 595 4548 -
604 4518 721 4577 purgata
732 4516 784 4568 ssi,-
802 4513 841 4562 ita
854 4512 893 4560 ul.
918 4511 991 4560 llaec
1009 4512 1079 4575 apud
1093 4511 1145 4561 Sic.
1165 4518 1193 4560 at
1205 4511 1275 4559 Thil.
1295 4511 1333 4558 sic
1347 4510 1463 4558 hubent:

265 4616 342 4664 eoque
355 4599 408 4648 laio
420 4614 512 4662 aquam
524 4597 597 4646 iliam
606 4614 685 4662 perses
696 4615 723 4648 ss
734 4598 882 4647 reservavit.
907 4597 1026 4661 Eratque
1038 4596 1073 4645 idi
1083 4596 1184 4659 puella,
1203 4597 1274 4644 auius
1285 4611 1378 4659 carpus
1390 4595 1465 4658 lepra

265 4685 349 4735 aldum
361 4688 431 4741 erat,-
444 4698 508 4748 quae
518 4699 572 4733 cum
584 4699 652 4747 aqua
663 4682 918 4748 daopsefusdsrsiur
929 4685 956 4731 st
964 4680 1105 4741 iuraretur,
1117 4682 1301 4746 madatafuit
1313 4698 1344 4728 es
1354 4685 1465 4743 tempore

265 4770 429 4834 asprum
