3458 5640
439 603 771 655 sssuoo-us‘r'rflust
791 601 1030 655 svsuusuluus.
1058 603 1131 656 CAP.
1151 604 1229 655 XXX.
1393 603 1434 667 97

230 751 323 816 dicit
337 772 454 816 verum
471 757 533 832 est,
552 757 587 817 ct
603 750 807 835 frequenter
822 757 1009 835 antequam
1026 752 1121 818 dicet
1136 752 1356 837 adimpletur.
1388 753 1436 818 Et

229 860 460 921 accesserunt
476 861 639 939 parentes
656 855 757 940 pueri
774 855 902 921 mortui
923 854 967 920 ed
983 854 1112 940 Ioseph
1134 861 1169 923 et
1186 856 1351 923 dixerunt
1366 856 1434 922 illi:

235 957 334 1024 Tolle
360 960 464 1024 istum
490 959 608 1026 Iesum
634 958 676 1024 de
702 957 779 1024 loco
808 959 891 1040 isto;
922 981 992 1025 non
1018 960 1110 1024 enim
1135 966 1253 1044 potest
1277 960 1434 1033 habitare

236 1061 417 1127 nobiscum
434 1063 469 1128 in
487 1062 553 1128 hoc
569 1062 771 1146 municipio.
803 1060 879 1126 Aut
895 1067 988 1127 certe
1007 1061 1091 1128 doce
1109 1062 1209 1128 illum
1224 1063 1434 1129 benedicere

230 1170 272 1230 ct
288 1186 356 1230 nou
373 1164 594 1231 maledicere.
618 1163 783 1232 Accessit
798 1171 913 1230 autern
930 1164 1059 1248 Ioseph
1076 1165 1119 1230 cd
1135 1164 1253 1231 Iesum
1270 1170 1306 1232 et
1321 1187 1437 1232 mone·

235 1266 296 1331 bct
321 1288 399 1331 eum
427 1266 564 1333 dicens:
604 1268 654 1334 Ut
679 1267 763 1352 quid
789 1267 875 1333 talia
899 1265 1011 1333 fecis?
1049 1268 1124 1334 Iam
1148 1269 1249 1334 multi
1275 1267 1436 1334 dolentes

234 1375 359 1436 contre
381 1374 414 1434 te
437 1376 536 1453 sunt,
561 1376 597 1436 et
618 1375 817 1456 propterte
839 1370 971 1436 liabent
991 1392 1054 1436 nos
1076 1371 1173 1454 odio,
1202 1375 1238 1438 et
1257 1369 1436 1436 molestias

235 1472 414 1538 hominum
436 1474 649 1540 sustinemus
670 1478 814 1558 propter
835 1479 879 1539 te.
911 1473 1142 1559 Respondens
1162 1475 1263 1541 Iesus
1285 1473 1373 1539 dixit
1393 1471 1437 1540 sd
1507 1514 1509 1520 ·

238 1576 383 1661 Ioseph:
411 1576 541 1644 Nullus
558 1578 650 1644 filius
668 1578 808 1663 sepiens
826 1583 880 1644 est
896 1578 964 1643 nisi
981 1599 1083 1663 quem
1100 1583 1200 1664 peter
1216 1599 1299 1645 suus
1316 1598 1438 1643 secun·

237 1681 319 1747 dum
342 1681 526 1748 scientium
547 1683 650 1748 huius
672 1681 839 1766 temporis
862 1681 1044 1764 erudierit,
1071 1689 1106 1748 et
1130 1684 1239 1768 patris
1260 1682 1315 1749 sui
1335 1639 1467 1764 mele-i

235 1785 370 1851 dictum
390 1786 521 1852 nemini
543 1793 646 1853 nocet
669 1787 737 1853 uisi
760 1786 849 1853 mele
872 1785 1069 1872 egentibus.
1114 1786 1214 1853 Tunc
1236 1785 1438 1872 congregati
1457 1765 1466 1853 l

237 1895 322 1956 sunt
341 1890 505 1958 adversus
527 1892 645 1957 Iesum
666 1897 701 1957 et
722 1891 936 1957 accusabant
959 1913 1036 1957 eum
1059 1891 1102 1957 ed
1125 1891 1264 1976 loseph.
1304 1890 1354 1957 Ut
1373 1889 1439 1956 hoc

236 1993 475 2078 viditIoseph,
495 1996 704 2078 perterritus
725 1994 944 2075 estnimiuur,
963 1993 1167 2059 timcnsvim
1184 1991 1440 2058 etsediticnem

239 2095 363 2180 populi
379 2095 501 2162 Israel.
536 2096 669 2163 Eadem
687 2099 772 2162 hora
794 2095 1028 2180 apprehendit
1043 2096 1144 2162 Iesus
1168 2095 1338 2160 infantem
1353 2115 1440 2159 mor·

240 2206 339 2266 tuum
356 2198 398 2265 ab
416 2221 498 2267 sure
517 2206 552 2267 et
567 2200 752 2285 suspendit
768 2223 845 2267 cum
863 2206 993 2267 eterra
1014 2200 1050 2265 in
1068 2203 1257 2282 conspectu
1275 2197 1438 2279 omnium,

235 2310 277 2369 >et
297 2303 459 2369 viderunt
477 2304 596 2370 Iesum
621 2304 823 2388 loquentem
849 2327 926 2371 cum
953 2325 992 2371 eo
1022 2309 1187 2387 tauquam
1208 2307 1341 2386 petrem
1363 2323 1440 2367 oum

234 2406 314 2474 vfilio
337 2429 410 2473 suo.
446 2407 494 2473 Et
515 2430 672 2474 reversus
696 2415 750 2474 est
772 2410 916 2494 spiritns
938 2430 1021 2474 suus
1044 2408 1080 2472 iu
1100 2408 1228 2490 ipsum,
1251 2411 1286 2471 et
1306 2405 1439 2470 reuixit.

240 2511 289 2576 Et
304 2512 420 2575 mirati
436 2517 519 2577 sunt
535 2512 698 2577 universi.

707 2732 828 2800 Cursu
851 2732 975 2798 XXX.

328 2887 522 2973 ¹Magister
537 2893 653 2955 autern
665 2889 804 2974 quidem
815 2888 968 2955 Iudaeus
986 2887 1124 2955 nomine
1136 2884 1292 2972 Zachyss
1309 2883 1443 2952 audivit

243 2993 328 3058 talia
348 2992 467 3059 lesum
488 2992 594 3059 verbs
613 2994 829 3078 loquentem,
857 3000 892 3060 et
911 2992 1033 3060 ridens
1056 2993 1139 3078 quie
1161 2997 1236 3058 erat
1261 2991 1441 3075 insupera-

244 3096 326 3163 bilis
344 3097 493 3163 scientie
508 3099 647 3164 virtutis
664 3099 700 3164 in
718 3121 758 3165 eo
776 3099 889 3165 scotus
907 3096 1104 3179 estdolens,
1123 3095 1285 3181 etooepit
1301 3094 1442 3161 indisci-

242 3200 375 3284 plinate
398 3207 432 3267 et
448 3201 554 3268 stulte
578 3209 613 3268 ct
631 3204 706 3269 sine
724 3204 846 3269 timore
864 3201 960 3287 loqui
978 3207 1100 3267 contre
1115 3198 1255 3284 Ioseph.
1287 3198 1335 3264 Et
1351 3200 1441 3266 dice·

238 3394 408 3460 scripsimus.
424 3392 428 3461 Ι
442 3397 609 3448 accusabant:
624 3398 663 3448 its
673 3398 701 3448 in
715 3398 806 3448 codice
819 3414 866 3463 por
879 3396 1065 3461 compendium
1079 3395 1208 3459 scriptum
1222 3400 1272 3444 est.
1297 3393 1440 3446 Consentit

236 3479 363 3530 codicum
376 3493 393 3529 u
407 3486 435 3532 et
446 3497 465 3532 1>
479 3483 620 3546 scripturn.
651 3484 764 3548 Propter
778 3499 808 3533 es
821 3498 890 3547 quse
902 3490 1050 3544 sequuntur
1068 3479 1114 3543 (cd
1126 3480 1227 3544 loseph.
1265 3480 1299 3529 Ut
1314 3481 1361 3531 loc
1376 3482 1441 3531 cidit

239 3563 342 3629 Ioseph)
356 3567 484 3631 suspicari
499 3569 585 3632 possis
598 3564 772 3634 adducebant!
786 3585 859 3619 succ:
873 3567 956 3617 codex
969 3553 1009 3617 εἷε
1022 3565 1049 3628 (i.
1060 3580 1082 3614 e.
1097 3566 1226 3627 sanctus),
1241 3565 1324 3616 codex
1335 3579 1353 3616 n
1364 3567 1417 3615 eius

310 3651 358 3700 Per
367 3656 454 3701 toturn
465 3659 546 3718 ceput
556 3667 574 3703 o
586 3656 724 3705 consentit
735 3656 790 3705 fere
801 3671 859 3704 cum
870 3669 902 3704 A:
922 3654 1021 3704 Deinde
1034 3652 1114 3701 tenuit
1123 3653 1215 3716 Ioseph
1226 3653 1316 3710 lesuin,
1330 3656 1355 3701 et
1366 3652 1439 3702 ibet-

238 3741 320 3785 motcr
329 3737 382 3786 eius
392 3754 445 3786 cum
455 3739 492 3788 cic
504 3764 512 3775 ·
525 3755 630 3789 currens
640 3757 693 3788 cum
703 3756 731 3790 eo
741 3741 842 3805 impulit
851 3757 927 3806 snper
936 3741 1051 3789 dunceres
1061 3739 1109 3787 lec.
1120 3737 1206 3787 solens
1215 3754 1269 3786 eum
1281 3738 1383 3787 cludere
1395 3743 1440 3788 out

237 3839 327 3872 nocere
339 3824 364 3873 ei
374 3825 397 3872 si
406 3829 499 3888 poscet.
519 3826 557 3874 Et
565 3827 633 3873 dicit
644 3827 667 3875 ei
680 3852 688 3862 ·
706 3826 756 3887 Qui
768 3828 855 3876 statim
868 3853 876 3863 ·
889 3832 934 3876 eci.
955 3826 1105 3875 Exclamas.
1119 3829 1202 3873 cutem
1215 3824 1439 3888 -soctumsuerot,

237 3909 287 3957 dic.
318 3909 387 3958 Unde
399 3913 452 3958 nat.
465 3914 503 3959 ect
513 3927 579 3975 perer
591 3913 654 3960 irtel
667 3939 674 3947 -
689 3913 749 3976 quia
761 3929 831 3961 oium
845 3939 852 3948 ·
867 3914 905 3961 Ec
917 3916 1075 3961 accesserunt
1088 3912 1122 3959 ad
1135 3910 1186 3959 Ios.
1200 3914 1225 3958 ct
1237 3910 1290 3957 dr‘c.
1304 3910 1342 3958 ei:
1369 3910 1440 3960 Tolle

237 3994 312 4042 ictum
322 3994 411 4042 lecum.
434 3995 491 4044 Nou
503 3997 567 4044 enisu
576 4001 661 4059 potest
672 3998 713 4045 dic
726 4022 734 4032 ·
748 3998 773 4045 iu
786 3998 929 4061 irsrrsicipio.
952 4000 1005 4045 Aut
1018 4001 1044 4044 tu
1053 3996 1115 4044 dore
1126 4011 1181 4045 curn
1194 4021 1202 4030 ·
1216 3995 1346 4043 dcccdccc
1357 4001 1440 4044 cutem

238 4079 290 4126 Ios.
308 4079 342 4126 cul
356 4094 462 4141 puerum
480 4081 594 4128 succedat
607 4084 695 4145 ·sc‹·i.r
714 4082 797 4130 talio?
823 4082 888 4130 ntum
904 4082 977 4129 inulti
991 4107 998 4117 ·
1011 4081 1167 4130 curctiscmus.
1192 4080 1334 4142 Ilespondit
1347 4080 1395 4128 Iec.
1415 4085 1439 4128 ct

232 4163 305 4210 dixit
317 4188 326 4199 ·
339 4164 440 4226 capiens
452 4164 501 4210 isici
513 4181 583 4227 quem
592 4170 670 4228 paler
682 4184 741 4214 suus
753 4167 907 4229 capiceriam
919 4167 992 4213 dicius
1002 4165 1086 4213 visundi
1094 4165 1218 4220 docuerit,
1231 4168 1256 4211 et
1265 4165 1353 4227 pratris
1362 4165 1438 4214 sualc-

236 4247 332 4295 dictcm
349 4271 357 4283 ·
375 4249 529 4297 accusabunt
547 4265 600 4299 crim
618 4252 652 4299 ad
671 4252 720 4300 loc.
754 4251 827 4313 Quod
839 4252 931 4309 ,cidens
948 4251 999 4300 loc.
1017 4276 1025 4286 ·
1046 4251 1133 4299 tirnens
1147 4249 1240 4314 populi
1256 4250 1297 4297 sui
1313 4251 1438 4299 seviciam.

238 4332 337 4382 Eadem
354 4349 414 4398 erpo
426 4335 491 4384 loro
503 4335 552 4385 icc.
571 4335 677 4401 appreh.
690 4342 763 4386 mors
774 4355 880 4402 puerum
894 4363 902 4373 ·
916 4353 1000 4386 ornnes
1011 4337 1093 4386 lecum
1107 4361 1115 4372 ·
1129 4340 1249 4400 tanquam
1262 4351 1315 4384 cum
1320 4335 1395 4402 filio,
1414 4341 1439 4386 et

235 4421 345 4484 spirituc
357 4422 411 4471 cius
422 4423 516 4471 reeicit
529 4423 555 4471 in
567 4423 656 4488 ipsum.
681 4425 719 4473 Et
731 4425 855 4474 adiurati
866 4442 886 4474 s.
900 4425 966 4474 unic.

307 4507 385 4559 XXX.
410 4508 483 4560 llaec
505 4509 619 4560 historin
641 4513 669 4562 in
688 4510 780 4562 codice
803 4523 819 4558 u
837 4511 960 4575 sequitur
983 4509 1107 4559 obsolute
1129 4524 1160 4557 es
1179 4523 1246 4573 quus
1268 4523 1327 4558 cum
1349 4508 1437 4573 cupite
1463 4570 1473 4584 ..

237 4603 331 4647 nostro
344 4596 490 4648 xxxt'lll.
505 4600 640 4650 convenit.

309 4685 331 4734 l.
351 4684 478 4753 Zochyoc:
496 4687 535 4737 its
548 4693 705 4738 constanter
723 4687 852 4751 scriptum
872 4691 914 4736 est
933 4685 960 4735 iu
976 4685 1113 4743 codices,
1134 4683 1163 4734 in
1175 4695 1194 4732 υ
1208 4682 1308 4749 legitur
1320 4683 1436 4733 ΖασΙιίασ.

236 4769 272 4820 ln
285 4769 343 4820 cod
355 4783 372 4819 s
386 4778 428 4821 est
440 4773 593 4822 &clamem
606 4780 633 4823 ct
646 4774 770 4831 Zoclcrzc,
790 4773 928 4822 chlam.
957 4771 1030 4830 Quae
1043 4771 1177 4837 posterior
1189 4768 1306 4820 eiusdem
1320 4770 1437 4820 nominis

290 4851 377 4902 svau..
387 4864 462 4903 apocr.
473 4855 508 4896 cd.
519 4855 677 4896 'riscbondort
697 4856 737 4896 Ed.
753 4856 779 4895 11.
1205 4856 1219 4905 7
