3458 5640
699 599 971 653 Pnonnuonnnn.
1362 617 1437 680 ⁸mx

239 741 323 814 στοῦ
350 752 400 812 καὶ
429 747 490 834 reip
514 745 702 834 ἂμᾶστασιμ
727 748 936 836 συμτάγματι
961 749 1148 835 διεσάφησε
1170 755 1322 834 septenos
1343 748 1436 834 ωὰμ·

235 886 318 948 τωμ,
342 867 399 927 ὠσ
414 857 481 927 niu
497 860 715 948 συμαγωγῆσ
738 868 788 949 &ip
813 869 863 927 soi
887 863 1119 950 ἆκριΒέστερομ
1143 867 1193 926 καὶ
1215 862 1284 927 nuo
1306 861 1438 928 Βουλάσ

236 983 308 1060 τῶμ
325 975 498 1062 Ἰουδαῐωμ
523 981 573 1039 noi
597 975 684 1041 τούσ
705 975 840 1060 λόγουσ
863 981 913 1039 rui
938 976 1074 1041 ἁωλῶσ
1092 975 1137 1038 τὰ
1151 976 1272 1059 ωάμτα
1289 975 1437 1058 eitum).

236 1087 300 1153 Sed
328 1087 411 1153 haec
438 1088 511 1169 ipsa
539 1089 790 1170 interpolatoris
820 1088 931 1171 potins
959 1109 1057 1170 qnam
1086 1088 1232 1153 auctoris
1261 1087 1438 1170 Synaxerii
1467 1064 1476 1089 ⁶

237 1203 329 1262 sunt:
362 1197 638 1281 quemadmodum
671 1198 770 1263 etiem
801 1198 839 1263 L.
863 1198 1009 1263 Allatius
1041 1219 1080 1265 eo
1112 1197 1184 1264 loco
1215 1219 1294 1263 neus
1323 1202 1373 1263 est
1400 1202 1438 1262 ut

235 1308 393 1390 probaret
419 1308 547 1387 „multe
576 1308 616 1373 de
644 1329 728 1373 novo
758 1309 800 1372 ab
827 1308 953 1372 ultimis
981 1308 1248 1374 correctoribus“
1280 1308 1322 1372 ed
1351 1308 1437 1371 unti-

236 1438 336 1499 qnum
351 1417 612 1499 Synuxariornm
635 1422 762 1482 textum
785 1423 908 1482 temero
931 1417 1045 1481 additu
1068 1438 1148 1482 esse.
1190 1416 1309 1499 Neque
1331 1418 1437 1499 magis

237 1527 276 1593 de
290 1527 422 1592 Latinis
446 1529 622 1611 qnisquam
644 1529 776 1593 nomine
799 1527 960 1612 evangelii
977 1526 1153 1595 Nicodemi
1175 1549 1254 1596 usus
1277 1528 1437 1593 asseritur

237 1644 314 1705 ente
340 1639 601 1706 Vincentinm
632 1639 963 1708 Bellovecensem
994 1641 1030 1706 in
1059 1640 1200 1724 Speculo
1231 1638 1434 1721 historiali&

236 1757 270 1818 et
290 1751 479 1819 Iacobum
507 1753 552 1820 de
575 1753 776 1838 Veregine
807 1755 842 1819 in
866 1754 1007 1820 historie
1028 1751 1294 1835 Lomburdiceb,
1323 1773 1436 1836 quem·

236 1884 335 1946 quem
363 1863 451 1949 apud
472 1865 533 1932 hos
556 1866 604 1931 ita
626 1865 780 1931 landetur
803 1872 841 1931 nt
863 1865 986 1932 dudum
1008 1871 1085 1931 ente
1108 1866 1279 1931 saeculnm
1301 1864 1437 1931 tertium

239 1975 401 2041 decimum
427 1976 462 2041 in
490 1998 585 2042 nsum
614 1998 684 2043 esse
713 1983 881 2060 receptum
906 1984 1075 2061 appareat.
1119 1977 1236 2060 Atque
1263 1977 1345 2042 haec
1367 1976 1438 2060 qui·

238 2085 310 2151 dem
333 2087 374 2152 de
396 2088 593 2171 scriptorum
615 2093 763 2155 veterum
792 2094 826 2154 et
852 2109 1048 2173 graecorum
1076 2093 1110 2153 et
1137 2088 1317 2155 latinorum
1345 2088 1437 2154 testi·

323 2276 345 2342 1)
364 2279 404 2330 ci.
423 2280 551 2346 Syuuxer.
572 2281 694 2332 (irascor.
722 2282 834 2333 Venetis
855 2283 930 2333 1579.
950 2298 976 2346 p.
994 2283 1037 2334 75.
1060 2282 1131 2334 nude
1151 2284 1247 2334 attulit
1265 2282 1295 2332 b.
1315 2281 1435 2332 Ailatius

237 2367 270 2416 a
287 2365 361 2415 mn·
377 2366 517 2416 eoseum.
536 2367 660 2417 oram.
677 2382 706 2431 p.
721 2368 780 2417 ess.
802 2367 924 2429 (rerum
944 2367 1030 2431 1645.)
1408 2352 1411 2362 '

320 2448 343 2515 ι)
363 2450 648 2516 cr.1nrrv111.(ne)
666 2468 724 2517 esp.
736 2455 778 2503 so.
798 2452 869 2518 quon
888 2457 932 2503 eis
949 2453 980 2502 u
997 2454 1151 2504 somma
1168 2450 1261 2503 ema
1278 2453 1333 2503 aas
1350 2436 1435 2502 emm

236 2536 344 2603 Pylum
366 2553 424 2601 cap.
442 2539 483 2586 41.
507 2537 539 2586 ds
557 2534 678 2588 illusione
697 2538 810 2588 Herodis
827 2543 852 2588 et
869 2539 965 2588 indicio
983 2538 1089 2604 Pylati:
1114 2555 1171 2603 cap.
1189 2541 1232 2589 48.
1252 2539 1283 2588 cie
1300 2537 1435 2601 multura

236 2622 344 2673 domini.-
370 2638 426 2687 cnp.
445 2624 488 2672 56.
514 2623 545 2672 (ie
569 2625 733 2687 apparitione
751 2625 832 2690 fasta
854 2626 945 2690 Iosepls
968 2628 994 2674 et
1017 2625 1182 2675 altricatione
1203 2625 1355 2675 Indaeorum
1381 2639 1436 2673 anun

237 2711 380 2760 6661611566
400 2710 526 2772 squalori:
552 2726 610 2775 cap.
629 2713 672 2761 57.
696 2713 727 2760 de
748 2713 873 2761 relatione
891 2712 982 2776 loseph
999 2729 1076 2777 super
1094 2713 1243 2761 liberatione
1265 2729 1311 2761 sua
1329 2711 1360 2760 (le
1378 2726 1434 2759 cas·-

238 2811 307 2844 cere:
333 2797 449 2858 cnp.58.
467 2797 498 2845 de
516 2795 634 2861 illisqui
652 2813 706 2846 cum
724 2798 823 2846 domino
840 2803 1044 2856 resurrexerunt,
1062 2798 1136 2847 etde
1154 2798 1328 2847 coniuratione
1347 2796 1436 2845 Carini

236 2883 262 2929 et
279 2879 380 2930 broii:
399 2896 458 2944 cep.
473 2881 515 2930 59.
535 2880 630 2930 relatio
648 2881 783 2931 6666661666
800 2882 832 2930 ds
850 2881 1025 2931 illustratione
1043 2882 1141 2946 inferni
1157 2882 1185 2930 in
1202 2882 1312 2930 66166616
1326 2880 1435 2930 Obristi:

236 2980 294 3030 cap.
312 2967 355 3014 60.
374 2965 406 3014 cie
423 2965 542 3014 cescem
562 2965 656 3014 cirini
673 2967 708 3015 ad
726 2968 838 3031 inferos:
862 2982 920 3030 esp.
940 2967 982 3017 61.
1005 2966 1036 3015 (le
1053 2967 1207 3032 religatione
1225 2967 1339 3017 Satiane
1356 2970 1381 3015 et
1398 2966 1434 3014 in·

230 3052 307 3116 sesni
322 3051 489 3115 spoliatione.-
512 3066 570 3115 esp.
588 3053 631 3100 62.
654 3052 686 3100 de
704 3067 810 3101 occursu
827 3052 917 3101 Enosis
935 3056 960 3101 et
978 3051 1060 3117 Hetpe
1078 3057 1102 3102 et
1120 3051 1231 3100 latronis
1249 3051 1335 3100 dextri
1354 3054 1381 3100 in
1398 3054 1435 3101 in·

234 3155 324 3202 pressu
344 3139 479 3200 paradisi:
506 3154 565 3202 esp.
584 3139 626 3189 63.
652 3139 684 3188 de
702 3140 759 3204 fine
785 3140 945 3188 narrationis
971 3144 996 3188 et
1019 3140 1073 3188 eius
1094 3139 1273 3203 descriptione.
1312 3139 1436 3190 Extrema

238 3224 315 3273 huius
333 3224 431 3288 cepitis
450 3228 515 3272 sunt
540 3224 578 3272 Et
600 3230 717 3274 eaenntes
739 3223 771 3273 rie
793 3227 918 3288 sinapopa
940 3241 994 3272 cum
1017 3226 1084 3274 omni
1105 3225 1268 3274 solicitudine
1286 3229 1311 3274 et
1328 3229 1436 3275 tremore

235 3308 405 3370 percutientes
424 3311 532 3369 pectora
554 3324 601 3356 sua
625 3307 742 3358 66166661
763 3310 931 3372 unnsquisque
954 3309 980 3355 iu
1000 3310 1120 3370 propria.
1160 3309 1233 3357 Haec
1253 3313 1336 3357 autem
1353 3312 1436 3358 omnia

238 3393 325 3442 saun
342 3395 433 3456 Iosepli
450 3398 476 3442 et
493 3394 644 3444 Nicodamus
661 3397 878 3443 annunciaverunt
896 3394 989 3459 Pylaia
1011 3396 1142 3456 praesidi,
1167 3396 1211 3458 qni
1231 3397 1337 3457 scripsit
1353 3398 1436 3445 omnia

237 3481 262 3526 et
275 3481 363 3539 poenit
379 3478 406 3525 in
425 3479 497 3528 codd.
511 3477 625 3541 publicis
638 3479 833 3540 praeteriisset
854 3484 995 3543 postquem
1015 3486 1098 3543 ceput
1113 3480 1155 3528 58.
1176 3479 1280 3543 incepit
1298 3480 1354 3529 iliis
1374 3480 1436 3530 Sur·

233 3578 296 3626 pens
313 3568 396 3614 antem
414 3564 504 3626 roupi
522 3565 548 3612 in
566 3565 647 3613 medio
665 3564 733 3612 deicit
749 3566 819 3613 Bene
837 3564 1011 3612 admiramini.
1049 3564 1126 3614 Unde
1145 3570 1258 3628 apparet
1276 3567 1361 3615 tutem
1379 3566 1436 3615 tere

236 3652 347 3701 eitersm
371 3656 473 3714 partein
497 3649 630 3712 evangeiii
655 3649 794 3698 Nicodemi
819 3649 998 3699 evincentio
1024 3650 1158 3699 Bellon-sc.
1180 3649 1342 3714 exscriptum
1366 3665 1434 3700 esse.

236 3737 327 3803 Neque
350 3751 433 3802 peuce
457 3735 591 3800 capitibus
616 3736 649 3785 iis
672 3751 739 3800 ques
765 3736 930 3800 praecedunt
948 3735 990 3784 56.
1010 3741 1104 3800 ceput,
1130 3751 1161 3785 ex
1184 3736 1273 3800 priore
1296 3743 1372 3801 perta
1391 3737 1435 3786 de·

235 3829 321 3875 sumta
339 3827 411 3873 sunt.
450 3822 566 3872 Possunt
585 3822 648 3872 indo
667 3822 781 3887 plurime
801 3822 907 3873 utiliter
927 3839 985 3872 cum
1005 3823 1124 3873 textibus
1147 3822 1268 3874 codicum
1292 3840 1354 3876 mss.
1374 3839 1435 3874 oon·

235 3912 307 3962 terri.
341 3911 459 3961 'titulum
483 3911 544 3960 libri
565 3909 635 3974 qnod
655 3912 770 3967 attinet.
796 3912 953 3975 piorumque
972 3910 1137 3977 adscriptum
1157 3917 1199 3962 est
1222 3927 1273 3970 „ex
1293 3913 1433 3978 evengsiio

236 3999 402 4056 Nicodemi,“
421 4000 502 4048 semei
522 3999 592 4063 (cup.
605 3997 662 4059 41.)
681 4015 730 4055 „ex
751 4000 890 4064 evangelio
910 3999 1049 4050 Nicodemi
1070 4006 1098 4050 et
1116 4000 1242 4064 loseph.“

318 4080 341 4144 ³)
360 4080 401 4132 Cf.
421 4083 449 4131 in
468 4081 588 4132 editione
608 4081 725 4132 Greessii
748 4098 806 4146 cnp.
821 4083 889 4133 LIV.
909 4083 1115 4145 (6616652666
1134 4086 1318 4134 resurrectione
1330 4085 1433 4133 domini.
1507 4120 1509 4125 .

234 4170 336 4236 Paginn
353 4172 402 4220 241
428 4175 482 4220 est:
512 4170 576 4219 Alia
595 4187 645 4234 quo
666 4171 723 4232 ipsa
741 4171 783 4219 die
801 4173 952 4234 apposuisse
970 4172 1067 4220 dicitnr
1084 4172 1189 4236 Ioseph,
1211 4175 1277 4221 61661
1295 4172 1397 4235 lepitnr.
1408 4174 1434 4220 in

234 4255 262 4303 in
278 4269 365 4318 esanp.
380 4253 518 4304 Nicodemi.
554 4253 620 4303 Nam
639 4270 693 4301 cum
711 4254 853 4303 audiissent
871 4254 964 4303 Iudaei
983 4256 1048 4319 qnod
1067 4255 1158 4319 Iosepi
1176 4271 1267 4319 corpus
1280 4258 1338 4305 Iesu
1357 4256 1432 4320 aPy·

236 4341 289 4391 lato
302 4341 420 4405 petiisset
432 4370 441 4380 ·
454 4365 465 4376 ·
480 4344 506 4388 in
524 4340 621 4389 domm
639 4355 710 4389 mam
727 4341 754 4388 in
774 4341 921 4389 Arimotiia
939 4343 1019 4403 ipsum
1038 4341 1155 4391 addunt.
1193 4341 1293 4391 Rursus
1312 4357 1371 4407 pag.
1384 4343 1433 4390 242

236 4435 279 4481 est
300 4433 332 4479 In
353 4444 441 4492 many.
462 4425 553 4478 Nicod.
575 4427 669 4491 lepitur
687 4429 753 4492 quari
773 4429 882 4477 Carinus
902 4432 927 4478 et
946 4428 1055 4479 Leucius
1070 4429 1129 4495 filii
1148 4429 1272 4479 Simeonis
1294 4430 1360 4480 senis
1381 4446 1434 4478 cnm

235 4518 333 4568 Christo
354 4520 548 4567 resurrexerunt
572 4522 629 4565 ete:
659 4532 709 4580 quo
735 4517 794 4566 ioco
818 4517 931 4566 maxims
955 4533 1016 4582 pers
1040 4518 1192 4568 Descensns
1212 4516 1312 4568 Christi
1336 4516 1369 4567 ed
1393 4518 1432 4567 in·

234 4607 304 4656 ieros
327 4606 435 4670 iegitur.
472 4603 542 4653 Sunt
564 4605 645 4654 etiem
669 4604 735 4654 heec
758 4605 887 4655 eiusmodi
907 4620 975 4670 ques
994 4605 1027 4654 sd
1047 4610 1137 4656 textus
1156 4606 1338 4656 recensionem
1357 4605 1431 4655 adbi-

235 4691 291 4741 beri
310 4694 419 4754 qnesnt.
