3458 5640
266 575 309 637 90
469 574 801 626 ΡὸΒῦΒΜΔΠΗΔΒΙ
820 575 1051 625 arenosum(
1077 574 1153 626 CAP.
1171 577 1257 628 ml.

267 724 403 790 finiatis.
447 723 548 789 Haec
576 725 649 788 iliis
679 724 907 807 loquentibus
943 744 1025 789 ecee
1055 727 1315 809 prospieientes
1345 729 1466 796 ridere

267 836 459 912 coeperunt
474 835 609 893 montes
624 827 795 911 Egyptian
811 834 849 891 et
863 827 1022 891 civitates
1038 828 1127 892 eius.

351 930 427 996 ’Et
445 930 639 1015 gaudentes
661 937 698 995 et
716 930 915 995 exultantes
934 928 1151 997 devenerunt
1169 933 1206 996 in
1229 931 1359 998 finibus
1375 931 1468 999 Her-

266 1035 425 1118 mopolis,
442 1037 529 1100 etin
546 1055 649 1099 unam
665 1054 707 1099 ex
720 1033 921 1098 civitatibus
931 1033 1060 1118 Egypti
1071 1054 1161 1117 quae
1173 1031 1322 1101 Sotinen
1333 1035 1469 1103 dicitur

265 1138 414 1222 ingressi
431 1146 529 1219 sunt3
551 1143 588 1203 et
602 1138 767 1221 quoniam
787 1137 824 1202 in
845 1158 887 1202 ea
902 1137 1021 1204 nullus
1038 1144 1114 1204 erat
1129 1145 1234 1206 notus
1249 1139 1344 1223 apud
1361 1162 1467 1225 quem

264 1243 464 1326 potuissent
478 1242 661 1326 hospitari,
683 1240 851 1323 templum
865 1242 1015 1325 ingressi
1033 1248 1126 1323 sunt,
1147 1242 1242 1326 quod
1259 1244 1467 1328 capitolium

238 1353 245 1362 '
263 1345 393 1430 Egypti
408 1344 609 1411 vocabatur.
638 1343 681 1408 In
698 1365 767 1426 quo
784 1343 915 1427 templo
932 1351 1092 1409 trecenta
1106 1348 1291 1430 sexaginta
1306 1349 1466 1432 quinque

265 1448 361 1514 idola
380 1449 497 1532 posita
521 1453 635 1528 erant,
658 1445 787 1529 quibus
809 1446 958 1528 singulis
979 1445 1104 1512 diebus
1127 1448 1241 1514 bonor
1259 1448 1404 1516 deitatis
1427 1452 1465 1515 in

265 1551 459 1633 saeuiegiis
476 1548 737 1632 perhibebatur.

265 1724 473 1788 (adbreviat),
485 1727 524 1773 ita
536 1728 565 1772 st
576 1724 642 1787 qnod
654 1723 682 1787 (ι
693 1722 747 1784 uie)
757 1739 807 1785 per
818 1724 927 1786 triyista
938 1723 993 1772 dies
1005 1724 1074 1773 nobis
1081 1726 1273 1789 perperandun
1282 1725 1398 1794 (corrige
1404 1745 1466 1794 per·

260 1811 423 1876 petrandssn,
435 1823 453 1858 ι
461 1809 663 1874 properandum)
675 1813 740 1866 erat,
754 1809 780 1857 in
791 1809 840 1857 tac
851 1825 902 1856 nna
911 1809 964 1857 diei
975 1811 1150 1859 munuscula
1163 1811 1193 1873 (ι
1202 1812 1245 1860 die
1256 1813 1292 1861 ad
1300 1815 1466 1878 mansionen)

261 1899 425 1962 pertingatis.
444 1895 449 1962 Ι
468 1891 899 1960 Ηοοο(υιάᾱφοφο)ἱίὶίιὶοᾳ.
915 1901 1030 1955 ntum
1047 1898 1187 1946 eumue
1203 1897 1384 1965 eoioqsente}
1405 1914 1423 1949 ι
1440 1906 1467 1952 et

263 2000 320 2034 ecce
332 1982 338 2048 Ι
351 1984 478 2049 Egyptian
489 1982 517 2044 (e
529 1980 605 2047 Aeg.)
621 1987 653 2032 nt
664 1993 754 2040 anem
772 1994 789 2030 s
802 1983 913 2046 Aepypti
924 1980 930 2047 Ι
943 1983 1013 2033 cinit.
1030 1983 1085 2032 eins
1097 1984 1145 2045 (sn
1156 1986 1212 2034 eius
1223 1985 1284 2048 cis.)
1296 1995 1328 2035 nt
1340 1999 1430 2046 ancn3
1449 2001 1467 2036 ι

265 2070 411 2133 aequitates
421 2070 476 2117 eius

335 2158 360 2204 2.
378 2157 531 2204 desenemt
543 2180 552 2189 ·
564 2157 590 2202 ct
601 2152 629 2214 (Α
642 2153 696 2216 om)
709 2154 737 2201 is
748 2169 823 2201 mss
840 2170 872 2202 es
884 2154 953 2202 cinit.
966 2153 1014 2213 (aa
1033 2156 1060 2202 in
1071 2154 1199 2218 quandam
1211 2155 1351 2218 σίοὶίοίοιι)
1365 2159 1467 2223 Epypti

266 2256 331 2306 qnae
343 2240 448 2289 Sotinen
461 2240 491 2296 (a
504 2239 625 2297 Satn-ina,
643 2252 658 2287 ι
672 2238 939 2301 sacerdotiorum
953 2238 1008 2300 om)
1021 2240 1130 2301 inpressi
1140 2244 1199 2287 snnt
1211 2239 1240 2301 (s
1251 2241 1429 2300 intrares-ut,-
1442 2242 1466 2310 :u

265 2325 319 2376 edd
330 2328 476 2390 vespertina
487 2325 540 2373 diei
550 2323 625 2386 tora)
643 2329 674 2374 nt
686 2336 754 2383 ηις
772 2336 808 2375 cn
821 2325 939 2385 (omissis
951 2322 1097 2388 prioribus)
1114 2326 1140 2372 is
1157 2340 1234 2372 uass
1249 2341 1283 2373 es
1300 2328 1369 2376 civit.
1388 2330 1419 2391 (n
1439 2332 1466 2379 is

265 2413 373 2477 quadan
392 2410 506 2473 civitam
519 2427 583 2475 quae
596 2410 701 2460 Satine»
716 2410 766 2459 dic.
783 2412 851 2474 ispr.
868 2416 927 2459 snnt
946 2409 951 2477 Ι
969 2411 1087 2475 quonia·
1098 2409 1128 2471 (Δ
1141 2408 1214 2474 qnia)
1228 2435 1238 2446 ·
1250 2416 1326 2462 notns
1337 2411 1366 2475 (u
1377 2415 1468 2466 uuum

263 2499 291 2547 in
308 2514 338 2546 ea
355 2502 413 2546 erat
429 2499 467 2546 eis
483 2495 567 2555 notus)
580 2497 651 2560 apud
663 2513 733 2562 paens
748 2499 856 2562 patuiss.
873 2498 944 2561 torp.
957 2495 985 2559 (1
995 2497 1202 2558 hospitarentur,
1221 2508 1269 2546 aa
1280 2514 1330 2562 φο
1338 2502 1467 2564 petissent

263 2584 409 2649 torpitisrn)
424 2581 429 2647 Ι
443 2582 527 2646 templ.
540 2583 607 2646 ingr.
619 2588 677 2632 sunt
693 2588 725 2632 nt
737 2596 786 2643 ης
804 2595 840 2632 ou
853 2583 919 2647 ingr.
938 2600 959 2632 s.
977 2582 1062 2646 unpt
1076 2581 1081 2649 Ι
1095 2583 1161 2648 quod
1177 2583 1245 2647 capi.
1258 2583 1359 2650 amn
1376 2589 1465 2640 sooab.

265 2678 298 2722 nt
309 2686 341 2730 ις
359 2685 375 2719 s
387 2670 453 2735 qnod
465 2671 532 2733 capi.
543 2671 652 2719 eissden
664 2670 777 2720 ciuitatis
793 2670 825 2719 ab
836 2669 959 2735 Egyptiis
969 2669 1069 2727 uocat„
1086 2681 1123 2719 cn
1135 2670 1202 2735 prod
1213 2671 1337 2736 Aepyptii
1353 2674 1465 2724 eiusde.

266 2758 379 2807 ciuitatis
390 2754 538 2819 capitolium
549 2756 681 2806 uocabant.
695 2754 699 2820 Ι
714 2755 746 2803 Is
758 2771 806 2819 φο
819 2781 828 2792 ·
840 2757 976 2819 maerere
988 2754 1032 2814 (ut
1043 2768 1068 2813 lt,
1081 2755 1146 2805 item
1158 2769 1192 2815 m
1211 2768 1228 2803 Δ
1241 2757 1441 2822 quinquaginta)
1456 2787 1465 2798 ·

265 2845 293 2892 in
304 2842 448 2904 sacrilegiis
456 2841 555 2905 periit.
573 2841 623 2903 (ita
637 2855 668 2899 e,
687 2854 703 2889 a
721 2856 738 2887 a
756 2840 891 2903 sacrilegis
906 2837 1107 2902 impendebatur)
1125 2844 1156 2889 ut
1168 2853 1218 2900 Δις
1237 2854 1253 2891 c
1265 2843 1293 2891 in
1311 2859 1361 2907 φο
1377 2845 1467 2896 diebus

266 2928 374 2993 singulis
384 2929 465 2977 bonor
475 2927 581 2976 deitatis
591 2925 726 2991 sacrilepis
738 2927 925 2991 praebebatur3
944 2942 963 2976 ι)
980 2929 1007 2975 in
1019 2943 1067 2991 φο
1079 2927 1188 2992 Egyptis‘
1204 2926 1279 2977 ttttes
1294 2929 1411 2981 ctrtutte
1427 2932 1465 2981 in·

263 3014 347 3080 pressi
358 3013 524 3063 adaoubant
534 3014 680 3064 sacerdotes
688 3014 807 3077 quatinus
817 3012 926 3077 sinpuiis
934 3014 985 3062 diis
996 3013 1129 3063 nundus·
1137 3014 1256 3065 mens
1264 3015 1372 3066 deitatis
1380 3033 1467 3067 eoru·

266 3101 396 3167 sacrificia
407 3101 538 3168 offerrent,
550 3101 576 3149 is
588 3116 636 3164 quo
650 3098 762 3148 CCCLX
765 3099 791 3145 1⁷
795 3099 875 3164 ydola
885 3101 970 3161 posita
982 3103 1064 3149 erant.
1091 3098 1255 3163 conspirant
1267 3101 1321 3151 ists
1334 3103 1467 3166 atiquate-

267 3203 317 3239 nus
335 3202 393 3235 cnm
413 3189 451 3235 eis
469 3201 536 3250 quse
549 3200 565 3234 n
578 3191 641 3250 pont
654 3185 835 3249 perhibebatur
852 3185 942 3234 addit:
968 3186 1075 3249 Epyptii
1091 3202 1150 3234 sero
1168 3187 1278 3235 eiusdem
1296 3188 1411 3237 ciuitatis
1429 3190 1468 3237 in·

264 3275 348 3339 pressi
356 3277 415 3323 sunt
421 3271 576 3336 capitolinas,
585 3272 612 3320 in
622 3287 669 3335 φο
679 3287 721 3319 eos
730 3272 878 3320 amonebunt
886 3272 1031 3320 sacerdotes
1040 3276 1164 3335 quatensu
1173 3272 1224 3333 (sio
1230 3272 1351 3333 uidetur)
1358 3274 1469 3336 singulis

266 3360 318 3410 diis
330 3359 464 3408 nundum
476 3359 592 3407 honorem
604 3358 709 3406 deitatis
720 3373 804 3405 eorum
816 3356 966 3419 optulissent
977 3357 1117 3422 sacrificia.

335 3445 368 3495 ln
381 3445 473 3494 codiee
485 3457 502 3493 n
515 3449 577 3508 post
589 3443 669 3492 verbs
680 3442 767 3491 nultus
778 3447 835 3491 erat
846 3447 921 3491 notus
933 3444 1013 3506 longe
1026 3459 1041 3491 s
1054 3448 1130 3491 textu
1144 3446 1237 3492 nostro
1251 3443 1358 3494 diversa
1371 3446 1467 3508 legun·

267 3540 319 3582 tur.
345 3530 468 3595 Pergitur
486 3530 557 3578 onim
575 3529 628 3578 sic:
650 3529 677 3576 in
695 3529 766 3576 cuius
781 3529 890 3590 hospitio
908 3528 1080 3586 declinarent,
1096 3530 1123 3577 in
1141 3530 1213 3578 donno
1231 3531 1361 3579 astudam
1374 3532 1469 3580 Iudaei

267 3616 395 3680 (vitaret
420 3612 463 3665 Ct.
475 3616 547 3665 intra
559 3631 617 3678 esp.
630 3613 708 3663 XXV.
722 3629 753 3663 ax
766 3612 871 3672 eod.1>;
889 3615 953 3662 item
967 3629 1061 3677 evang.
1074 3619 1195 3663 uostrum
1208 3614 1325 3665 Thomna
1338 3616 1466 3666 Latinum

267 3705 289 3764 l,
303 3705 338 3766 3.)
350 3703 473 3766 hospitati
485 3705 550 3750 sunt.
575 3701 613 3750 Iit
631 3717 684 3749 cum
700 3701 726 3748 in
738 3701 824 3749 eaden
836 3701 908 3748 darno
920 3698 1042 3748 solarium
1060 3703 1124 3749 esset
1141 3705 1166 3749 et
1177 3700 1313 3750 multituda
1326 3718 1467 3766 puerorum

267 3793 302 3842 ad
314 3791 396 3841 Iesum
408 3789 531 3839 emissent
549 3788 584 3838 ad
601 3787 723 3837 solarium
739 3787 806 3836 iliud
818 3786 860 3835 rut
871 3791 942 3844 erut,
960 3786 1062 3851 quidam
1079 3787 1111 3836 de
1128 3787 1266 3853 isfisntuiis
1281 3789 1391 3851 inputrit
1403 3789 1466 3853 (sie)

266 3896 341 3931 unnns
359 3879 390 3927 de
403 3877 493 3941 pueris
510 3876 541 3925 de
558 3874 669 3935 solaria,
686 3875 729 3940 qui
747 3874 838 3923 eaden
856 3873 891 3923 ad
908 3878 1004 3922 terram
1022 3880 1134 3924 mortuus
1150 3880 1195 3924 est.
1219 3876 1258 3925 Et
1275 3893 1330 3926 cnm
1343 3883 1469 3941 parentes

266 3967 361 4017 mortui
373 3965 554 4022 cucurrissent,
570 3979 665 4027 pueros
681 3964 868 4025 interrogantes
879 3961 923 4026 psi
934 3977 988 4008 enm
995 3962 1218 4025 praecipitaverat
1229 3964 1261 4012 dc
1272 3964 1384 4023 solario,
1402 3983 1468 4016 unns

264 4059 325 4119 post
343 4052 421 4102 alium
439 4050 589 4117 affirmabat
600 4050 660 4113 quia
672 4049 745 4097 Iesus
757 4048 980 4111 praecipitaverat
997 4063 1060 4097 eurn.
1085 4047 1143 4097 Hoc
1159 4054 1243 4098 anton
1254 4050 1387 4110 dicebant,
1406 4054 1469 4115 qnia

268 4140 362 4202 (codex
374 4154 424 4187 non
436 4135 508 4200 quia)
519 4137 620 4200 ignotus
628 4139 686 4183 erat
697 4136 734 4183 eis
745 4138 770 4182 et
782 4135 889 4192 aduena,
901 4139 929 4181 ut
941 4133 1150 4197 manifestaretur
1158 4135 1277 4196 potentia
1288 4137 1393 4185 uirtutis
1404 4138 1467 4185 eius.

269 4227 307 4275 Et
319 4224 472 4287 transactum
484 4227 529 4271 est.
550 4221 620 4269 iisne
628 4224 750 4284 parentes
761 4220 854 4268 mortui
866 4218 1011 4267 statuebant
1023 4223 1112 4267 eontra
1125 4218 1216 4281 Ioseph
1227 4224 1253 4268 et
1264 4224 1356 4268 contra
1367 4220 1468 4270 beatum

267 4310 389 4372 oirpinesn
401 4309 526 4356 dicentes:
545 4304 628 4354 Filius
640 4303 901 4369 euterflliumrneum
913 4304 1053 4367 interfecit,
1065 4308 1090 4351 et
1101 4307 1215 4352 manuus
1226 4308 1272 4352 est.
1291 4304 1349 4355 Non
1358 4309 1470 4368 potestis

267 4411 356 4446 manus
367 4398 471 4442 nostras
481 4391 596 4449 madae,
613 4391 673 4454 puin
685 4390 866 4456 interficiamus
879 4389 950 4450 (cod.
964 4387 1062 4450 -cimus)
1076 4405 1126 4438 uos.
1151 4388 1224 4437 Iesus
1235 4394 1318 4438 autern
1330 4391 1432 4440 tacebd
1444 4397 1469 4441 et

267 4498 317 4532 non
335 4482 371 4530 eis
388 4477 563 4544 respondebat.
600 4475 728 4526 Venerunt
744 4480 826 4525 autern
842 4477 877 4524 ad
893 4475 975 4525 Iesum
993 4475 1083 4524 Maria
1099 4480 1125 4524 et
1141 4476 1234 4540 Ioseph
1249 4480 1275 4525 et
1292 4477 1414 4526 dicerunt
1430 4479 1455 4526 ei
1461 4495 1470 4526 .-

269 4569 403 4625 Miserere,
415 4567 535 4616 miserere
543 4564 648 4615 domine.
667 4562 700 4612 In
713 4567 784 4612 terra
793 4563 857 4611 enirn
866 4578 950 4612 sumus
961 4567 1093 4619 extranea,
1105 4566 1131 4611 ct
1140 4563 1184 4612 isti
1192 4563 1305 4613 clanaei
1314 4568 1406 4614 eontra
1414 4581 1469 4614 nos.

271 4656 338 4705 tbnc
351 4654 423 4703 Iesus
438 4651 567 4703 descendit
577 4651 609 4700 de
621 4649 733 4708 solario,
750 4651 849 4698 uocauit
865 4664 951 4698 nornen
968 4649 1044 4712 pueri
1062 4649 1105 4712 qui
1122 4648 1222 4698 iacebat
1236 4663 1313 4711 super
1329 4654 1426 4700 unam
1445 4655 1471 4700 et

267 4743 347 4793 dtctt:
366 4740 440 4790 Zeno.
469 4737 520 4800 Qui
533 4736 680 4800 respondite
695 4735 811 4784 Domine.
835 4734 960 4798 Dixitque
977 4733 1020 4782 ttti
1031 4734 1117 4783 Iesus.-
1140 4733 1229 4784 Utrum
1237 4736 1470 4799 praecipitaverint
