3458 5640
747 593 1020 645 Puouuoouurte.
1437 611 1485 656 xv

289 746 439 813 ediderat
460 744 697 810 'l'heodorus
719 742 1001 827 Bibliander1).
1046 742 1141 829 Quae
1162 742 1301 810 Postelli
1324 745 1485 829 interpre-

288 858 371 924 tatio
395 858 495 924 alium
517 857 662 923 codicem
681 877 835 942 graecum
853 851 1082 939 repraesentet
1099 861 1200 940 atque
1216 879 1313 942 quem
1329 856 1485 924 Neander

289 994 355 1037 una
385 995 458 1036 curn
490 972 594 1036 latino
623 970 764 1036 Poetelli
795 973 887 1036 textu
916 968 1027 1035 edidit.
1075 968 1224 1036 Neandri
1252 992 1329 1037 vero
1358 975 1484 1037 textum

290 1105 428 1167 eumque
451 1082 630 1148 secundum
653 1085 739 1147 anno
758 1085 847 1147 1567.
871 1081 1075 1147 emendatius
1098 1081 1222 1146 editum
1238 1082 1367 1148 duobus
1390 1083 1484 1148 annis

289 1201 365 1276 post
392 1196 527 1276 repetiit
550 1196 761 1277 Grynacue
789 1194 822 1256 in
844 1193 1071 1256 Monumentis
1099 1214 1140 1258 ss.
1163 1215 1216 1276 pp.
1241 1193 1483 1277 orthographia.

289 1304 479 1388 Gryneeum
507 1309 584 1385 post
611 1324 715 1368 annos
745 1308 874 1368 centurn
903 1302 1043 1383 triginta
1069 1324 1126 1367 sex
1147 1303 1401 1384 Fabriciue²)
1431 1325 1484 1368 ex·

290 1415 389 1497 cepit,
422 1415 477 1497 qui
507 1418 634 1478 textum
662 1413 900 1496 protevangelii
931 1434 970 1476 cx
998 1412 1108 1494 priore
1134 1411 1283 1478 Neandri
1311 1412 1421 1478 libello
1451 1418 1484 1479 et

288 1530 420 1608 praeter
443 1545 567 1590 morem
590 1524 679 1589 haud
701 1524 750 1589 ita
765 1523 941 1605 diligenter
963 1522 1084 1604 hausit,
1105 1524 1248 1607 repetita
1270 1523 1367 1589 simul
1382 1523 1482 1590 inter-

289 1637 476 1721 pretatione
492 1636 641 1702 Postelli.
685 1635 876 1701 Fabricium
900 1638 1031 1700 secutus
1054 1641 1106 1701 eet
1128 1655 1215 1701 anno
1234 1638 1323 1701 1722.
1368 1635 1484 1702 Ione·

290 1749 426 1834 sinai),
458 1748 522 1815 nisi
550 1749 639 1832 quod
666 1748 695 1814 is
718 1747 865 1832 Grynaei
893 1747 998 1830 magis
1027 1769 1125 1831 quam
1148 1746 1295 1812 Fabricii
1324 1747 1485 1831 expressit

290 1867 425 1928 textum.
469 1862 599 1927 Rursus
627 1882 713 1927 anno
742 1860 839 1925 huius
867 1860 990 1926 saeculi
1014 1864 1133 1943 quarto
1156 1859 1341 1925 Andreas
1363 1859 1485 1926 Birch

292 1974 431 2039 eundem
453 1974 622 2058 vulgatum
650 1977 791 2056 textum,
821 1978 936 2036 notata
959 1972 1089 2054 quidem
1114 1972 1260 2054 Grynaei
1283 1978 1317 2036 et
1339 1971 1485 2037 Fabricii

292 2085 486 2167 differentia,
508 2085 542 2150 in
565 2084 764 2149 Auctarium
787 2106 881 2148 sumn
905 2083 1028 2149 codicis
1051 2083 1231 2166 apocryphi
1253 2083 1295 2149 N.
1311 2082 1348 2148 Τ.
1368 2083 1485 2148 Fabri·

292 2196 377 2261 ciani
404 2197 530 2280 recepit
557 2196 652 2278 eique
675 2195 845 2260 subiunxit
867 2195 1033 2260 variantes
1055 2195 1214 2261 lectiones
1237 2194 1376 2260 duorum
1399 2194 1487 2260 codi-

292 2330 363 2373 cum
386 2309 626 2376 Vaticanorum
650 2307 692 2372 ab
715 2304 940 2392 Engelbretlro
965 2311 1145 2390 excerptas.

374 2418 502 2486 Nostra
516 2420 657 2504 denique
677 2424 788 2486 aetate
806 2417 1193 2504 proterangelium.quod
1208 2417 1328 2482 dicitur
1345 2417 1397 2484 bie
1412 2439 1486 2502 pro·

290 2531 352 2597 diit
379 2532 568 2615 etquidem
597 2537 691 2598 textu
718 2531 760 2596 ab
788 2531 829 2595 iis
852 2552 934 2614 quas
957 2529 1099 2595 vidimus
1124 2529 1324 2596 editionibus
1347 2529 1485 2595 diverse.

377 2790 401 2854 ¹)
420 2793 633 2857 Proteeanyelian
651 2808 673 2841 e.
686 2794 717 2841 de
735 2792 866 2842 natatibus
877 2794 936 2841 Ieeu
950 2791 1045 2839 Christi
1062 2794 1088 2839 et
1105 2793 1185 2852 ipeiue
1201 2793 1293 2840 matris
1307 2791 1415 2854 cirpinie
1426 2791 1484 2840 hia·

288 2876 357 2934 riae.
380 2893 461 2926 emmo
481 2877 619 2926 historicus
635 2876 690 2925 dini
707 2876 796 2926 Iacchi
812 2875 926 2925 minorie.
963 2874 1123 2938 Eeanqeliea
1139 2875 1263 2932 historia,
1288 2890 1363 2938 quam
1380 2875 1486 2938 scripsit

289 2963 312 3011 h.
323 2964 439 3013 Marcus.
470 2962 530 3012 Vita
543 2962 846 3025 altamcumbam
858 2961 965 3011 collecta
979 2978 1029 3024 per
1042 2961 1197 3010 menam
1206 2961 1394 3010 Bibliandrum.
1410 2962 1484 3011 1552.

289 3049 400 3112 (lterum
419 3052 560 3115 Argontor.
580 3048 666 3111 1570.)
702 3050 796 3099 Refert
816 3049 853 3098 ibi
873 3048 1029 3098 Bibliender
1048 3049 1127 3097 haec:
1156 3047 1287 3098 Guitietm.
1306 3048 1435 3097 Poetelius
1458 3049 1485 3098 in

292 3136 394 3186 Oriente
416 3136 485 3199 apud
508 3135 666 3185 Christianae
688 3135 780 3183 librum
806 3136 930 3184 Graecum
956 3137 980 3183 et
1003 3135 1101 3199 quidem
1123 3139 1295 3197 pervetustum
1323 3139 1359 3183 eet
1385 3139 1484 3194 nactur,

290 3236 359 3284 qum
377 3220 485 3269 latinum
494 3220 564 3283 fecit
582 3223 608 3268 et
625 3219 810 3268 eornmentariie
827 3220 978 3268 adornatum
995 3219 1103 3267 editioni
1115 3220 1223 3280 paravit
1241 3235 1295 3266 cum
1313 3218 1375 3267 aliie
1386 3219 1484 3283 quidue·

289 3305 349 3353 dam
361 3305 466 3353 'minime
483 3304 667 3353 contemnendis
690 3303 771 3352 liora.
813 3303 881 3364 Quos
901 3305 959 3352 dum
980 3305 1107 3367 Oporinue
1124 3304 1242 3371 differret
1264 3303 1420 3368 imprimere,
1443 3321 1484 3354 ro·

287 3392 350 3455 pari
367 3397 395 3440 ut
412 3391 474 3440 mihi
491 3391 589 3454 copiam
605 3391 711 3455 faceret
729 3390 828 3454 haeredi
844 3407 895 3441 eos.
915 3417 924 3427 ·
949 3392 1067 3441 Testatur
1084 3395 1167 3440 autem
1184 3390 1313 3440 Poetelius
1330 3392 1394 3439 huna
1413 3391 1483 3440 libel·

290 3476 341 3525 hem
352 3476 379 3525 in
391 3476 504 3525 ecclesiia
517 3475 691 3525 &metamus
705 3475 906 3526 Christianorum
919 3476 1021 3540 publice
1036 3477 1093 3540 iepi,
1111 3492 1189 3541 neque
1200 3475 1316 3524 dubitari
1327 3475 1359 3524 de
1371 3479 1483 3538 ausim,

288 3565 333 3613 eed
350 3567 496 3615 amanter
513 3563 620 3613 inecrihi
641 3564 793 3621 ..emmonem
810 3565 955 3614 historicum
972 3565 1026 3612 diri
1044 3564 1131 3613 iacobi
1145 3565 1249 3629 fratria
1266 3559 1372 3613 Donrini
1389 3565 1420 3613 de
1439 3565 1484 3614 ad·

288 3649 402 3699 mirabili
418 3649 556 3699 nativitate
573 3652 598 3697 et
615 3648 774 3699 incunabulis
791 3648 904 3713 Virpinie
920 3649 1011 3698 matria
1022 3648 1127 3697 Mariae
1144 3651 1168 3697 et
1188 3649 1269 3712 ipsine
1286 3651 1373 3697 Ienu.“
1402 3649 1486 3699 Addit

289 3740 365 3787 etiam
382 3731 649 3804 ωρωτευαγγὲλιομ
667 3738 692 3786 h.
711 3754 731 3786 e.
745 3738 856 3800 primum
872 3736 1027 3800 eoanpelium
1045 3737 1133 3785 occari
1149 3741 1174 3784 et
1190 3737 1259 3785 inter
1276 3738 1434 3787 authenticae
1452 3738 1483 3787 li·

290 3822 347 3872 hren
363 3822 452 3871 haberi
470 3824 539 3885 apud
553 3823 699 3872 Orientaler
712 3823 879 3872 Christianae.
916 3823 975 3884 lpse
993 3826 1075 3871 autem
1091 3821 1220 3871 Poetelius
1237 3826 1356 3872 aestimat
1373 3826 1402 3872 ut
1417 3839 1483 3885 pem·

292 3922 355 3954 mam
368 3935 378 3946 -
391 3936 400 3946 -
412 3907 480 3955 aas
497 3906 573 3955 uerba
590 3910 614 3956 ei
631 3907 687 3971 quie
703 3909 820 3971 requirat
837 3908 898 3955 haec
914 3910 985 3955 sunt:
1004 3908 1114 3963 „Petrus
1131 3907 1225 3955 Rornae
1242 3922 1291 3954 non
1309 3908 1391 3956 edidit
1409 3923 1482 3956 eoan·

286 3991 392 4052 9elium,
416 3991 460 4039 red
478 3990 557 4041 alteri
580 3990 739 4040 Venetiarum
761 3991 820 4038 daei
836 3991 928 4039 Marco
952 3993 1130 4041 commendauit
1153 3995 1207 4040 sine
1231 3994 1316 4053 capite
1338 3992 1483 4056 mysterioee

288 4076 460 4125 scribendum:
487 4079 516 4124 ut
538 4076 598 4126 oiim
621 4076 664 4124 iiii
687 4078 786 4125 adeam
808 4077 854 4124 hoo
871 4079 947 4140 eaput
965 4077 1030 4138 quod
1048 4093 1113 4125 nrrnc
1130 4078 1260 4133 vertimur,
1284 4077 1364 4125 totius
1385 4076 1484 4125 Veteris

291 4159 443 4211 Testamenti
455 4161 637 4226 appendicibus
650 4161 774 4210 Christum
786 4161 873 4224 quonia
886 4161 957 4209 mado
972 4161 1182 4224 praedicantibus
1199 4165 1377 4218 neceesarium,
1395 4162 1483 4210 nedum

288 4244 380 4294 Marco
403 4249 449 4294 aut
467 4246 578 4296 heae!
614 4247 655 4294 Aa
675 4261 788 4294 meeum:
815 4245 972 4309 „Enanpelii
993 4246 1027 4293 ad
1044 4247 1109 4294 hune
1125 4246 1192 4294 diem
1208 4247 1356 4295 desiderata
1374 4246 1443 4294 banis
1459 4249 1485 4294 et

280 4330 489 4394 fundamentum,
513 4333 540 4380 in
558 4347 606 4395 qua
624 4331 756 4394 suppletur
771 4346 868 4381 summa
884 4332 941 4398 fide
959 4333 1076 4397 quicquid
1096 4336 1184 4394 panset
1200 4333 1316 4395 aptari.“
1352 4331 1484 4382 Similiter

289 4415 336 4464 ille
356 4419 472 4480 nugetur
490 4416 519 4464 in
537 4431 659 4467 normano
678 4433 729 4482 quo
749 4417 921 4482 Reipublicae
940 4418 1059 4468 Venetae
1079 4434 1145 4481 opus
1165 4417 1280 4468 dedicet.

372 4497 395 4564 ²)
415 4500 456 4552 Ct.
471 4502 530 4553 aaa.
544 4505 644 4566 Apocr.
664 4504 731 4554 Noai
751 4505 902 4554 Testamenti
920 4509 972 4555 etc.
996 4505 1025 4555 Τ.
1045 4506 1065 4555 Ι.
1086 4506 1160 4556 1703.
1185 4505 1285 4555 lterum
1306 4507 1380 4557 1719.

373 4588 395 4655 ³)
415 4592 439 4640 A
457 4607 509 4640 nero
528 4592 579 4640 and
593 4591 654 4657 suli
670 4593 769 4642 methad
787 4594 819 4657 os
832 4593 935 4657 settlinp
954 4595 994 4643 the
1012 4593 1146 4642 canonicat
1168 4594 1297 4660 authority
1319 4595 1352 4659 os
1365 4594 1404 4643 the
1423 4593 1483 4642 Nero

291 4676 431 4727 Teetament
451 4681 503 4728 eto.
528 4677 626 4729 doale.
651 4679 1030 4745 momentanearum.
1059 4678 1159 4744 Oasord
1178 4680 1253 4730 1726.
1274 4680 1348 4730 1798.
