3458 5640
264 627 326 690 184
453 629 685 680 svaudunum
703 629 897 681 luran'rlnn
915 628 1104 680 ananrcun.
1133 630 1271 683 V111.1X.

265 776 554 863 Hierosolymam,
566 777 856 861 quemadmodum
866 777 1331 863 praedixeratZeraduscht;
1348 788 1465 847 orant·

265 902 331 964 que
349 902 426 946 cum
442 882 529 966 ipsis
545 902 700 964 munera,
717 903 840 948 aurum
856 882 936 948 thus
956 888 991 947 et
1005 880 1155 966 myrrha,
1177 888 1213 948 et
1227 883 1465 950 adoraverunt

265 1004 343 1049 eum
368 1006 500 1069 suaque
531 986 599 1069 ipsi
625 1006 769 1051 munera
800 985 1012 1052 obtulerunt.
1059 983 1158 1051 Tunc
1183 984 1323 1053 domina
1346 986 1463 1053 Maria

266 1089 390 1154 sumsit
410 1111 514 1155 unam
540 1111 581 1155 ex
606 1089 677 1154 illis
700 1087 820 1155 fasciis
843 1108 988 1173 eamque
1008 1109 1071 1172 pro
1094 1109 1197 1173 opum
1221 1089 1362 1156 modulo
1388 1090 1463 1157 illis

264 1192 425 1276 tradidit,
448 1215 551 1277 quom
571 1194 639 1278 ipsi
656 1190 1007 1258 honorificentissime
1024 1191 1067 1258 ab
1085 1201 1363 1277 coacceperunt.
1394 1193 1464 1260 Ea-

265 1296 412 1381 demque
424 1297 510 1362 hora
525 1297 689 1381 apparuit
704 1296 775 1363 illis
792 1294 938 1380 angelus
954 1296 990 1361 in
1001 1294 1244 1362 formastellae
1262 1297 1358 1364 illius
1370 1318 1461 1381 quac

265 1407 369 1465 antea
380 1399 448 1464 dux
465 1400 603 1464 itineris
621 1399 706 1482 ipsis
717 1397 848 1478 fuerat,
865 1399 964 1463 cuius
981 1397 1071 1464 lucis
1083 1399 1223 1463 ductum
1238 1401 1350 1465 secuti
1367 1401 1463 1465 abie-

264 1508 356 1582 runt,
375 1499 486 1565 donec
502 1501 650 1583 patriam
667 1519 763 1565 suam
779 1499 982 1582 attigerunt.

740 1718 861 1787 erur
882 1719 985 1792 VIII.

352 1893 599 1964 Convenerunt
614 1900 730 1962 autem
749 1895 793 1961 ad
809 1895 890 1962 illos
907 1915 1006 1980 reges
1028 1902 1063 1963 et
1078 1897 1256 1981 principes
1274 1917 1392 1963 eorum
1409 1918 1464 1963 ro-

265 2005 387 2083 gantes
405 1998 612 2083 ecquidnam
627 1998 797 2066 vidissent
812 2005 873 2065 aut
889 2001 1054 2084 egissent,
1071 2001 1243 2083 quomodo
1261 2001 1405 2066 ivissent
1421 2022 1462 2066 ae

266 2101 469 2184 rediissent,
492 2101 576 2185 quid
593 2121 709 2168 secum
726 2102 938 2168 attulissent.
968 2100 1017 2166 Hi
1033 2123 1113 2168 vero
1130 2109 1369 2169 monstrarunt
1389 2103 1461 2168 illis

265 2205 410 2271 fasciam
439 2206 555 2287 istam,
586 2225 688 2290 quam
713 2204 853 2270 domina
876 2203 991 2270 Maria
1024 2206 1110 2289 ipsis
1138 2205 1346 2272 tradiderat:
1380 2227 1465 2290 qua·

264 2314 410 2391 propter
426 2307 648 2372 celebrarunt
663 2306 806 2387 testum,
828 2308 1013 2390 ignemque
1033 2317 1096 2390 pro
1117 2328 1211 2372 more
1234 2329 1297 2374 suo
1320 2329 1464 2374 succen-

267 2410 394 2474 derunt
410 2429 558 2492 eumque
576 2408 817 2490 adoraverunt,
834 2413 870 2473 et
885 2407 1028 2473 fasciam
1044 2407 1140 2473 illam
1157 2409 1193 2473 in
1211 2429 1289 2474 eum
1305 2411 1464 2476 coniece-

264 2519 360 2596 runt,
389 2512 628 2596 corripuitque
650 2532 725 2577 eam
746 2512 838 2595 ignis
861 2517 896 2577 et
919 2512 954 2576 in
976 2532 1053 2577 sese
1075 2512 1347 2597 comprehendit.
1395 2513 1466 2579 Ex·

265 2616 394 2682 stincto
417 2621 534 2680 autem
556 2614 636 2699 igne
658 2615 803 2680 fasciam
820 2619 1045 2680 extraxerunt
1059 2613 1164 2680 talem
1182 2615 1295 2699 qualis
1312 2617 1462 2700 primum

265 2721 391 2803 fuerat,
409 2741 448 2786 ac
466 2720 496 2786 si
511 2721 603 2804 ignis
622 2742 696 2786 eam
712 2740 782 2785 non
799 2720 985 2804 attigisset.
1016 2718 1141 2803 Itaque
1159 2724 1350 2803 coeperunt
1364 2718 1462 2785 illam

266 2823 417 2890 osculari
436 2822 679 2906 capitibusque
698 2823 770 2887 suis
788 2829 823 2886 et
837 2821 949 2886 oculis
965 2823 1155 2904 imponere,
1173 2820 1345 2886 dieentes:
1362 2820 1463 2888 Haec

265 2947 348 2993 sane
371 2924 572 2990 indubitata
592 2931 645 2990 est
661 2925 803 2990 veritas:
825 2925 947 3008 utique
969 2945 1164 3008 magnares
1186 2923 1349 3007 estquod
1370 2925 1465 3009 ignis

266 3031 468 3097 comburere
491 3027 586 3093 illam
609 3034 669 3094 aut
689 3027 836 3113 perdere
858 3028 1024 3111 nequivit.
1056 3026 1144 3092 Inde
1168 3033 1367 3092 sumserunt
1387 3047 1463 3094 eam

265 3141 301 3202 et
315 3134 462 3200 maximo
481 3151 557 3197 cum
574 3134 705 3199 honore
722 3132 759 3197 in
776 3130 950 3197 thesauris
970 3130 1043 3196 suis
1059 3134 1303 3213 reposuerunt.

759 3354 879 3422 Curur
902 3353 969 3419 IX.

349 3531 511 3597 Herodes
534 3537 649 3595 autem
667 3549 744 3594 curn
760 3528 906 3592 vidisset
921 3547 1039 3610 magos
1057 3546 1093 3590 se
1111 3524 1315 3590 destituisse
1333 3547 1398 3591 nec
1418 3527 1463 3592 ad

264 3655 300 3699 se
323 3636 522 3714 revertisse,
548 3632 732 3697 accersivit
753 3628 952 3696 sacerdotes
974 3635 1009 3693 et
1029 3630 1207 3711 sapientes
1230 3633 1265 3691 et
1285 3627 1373 3693 dixit
1395 3629 1461 3694 eis:

263 3736 399 3802 Docete
420 3759 474 3802 me
495 3736 555 3801 ubi
577 3735 776 3800 nasciturus
800 3734 846 3798 sit
863 3730 1033 3797 Christus.
1066 3729 1222 3813 Cumque
1246 3730 1298 3794 illi
1320 3752 1462 3815 respon·

264 3840 414 3906 dissent:
438 3837 660 3904 Bethlehemi
671 3836 834 3917 Iudaeae,
853 3834 969 3918 coepit
985 3834 1139 3917 cogitare
1157 3832 1198 3896 de
1211 3832 1316 3897 caede
1329 3833 1460 3899 domini

263 3943 345 4008 Iesu
359 3942 501 4009 Christi.
524 3941 625 4008 Tunc
640 3941 803 4025 apparuit
816 3939 960 4022 angelus
973 3938 1103 4003 domini
1113 3936 1264 4021 Iosepho
1282 3939 1318 4001 in
1330 3939 1462 4003 somnis

265 4046 437 4129 dixitque:
470 4042 592 4128 Surge,
614 4064 710 4109 sume
727 4063 873 4127 puerum
890 4047 925 4106 et
940 4048 1085 4107 matrem
1102 4043 1177 4106 eius
1195 4046 1230 4105 et
1245 4040 1303 4105 abi
1319 4042 1354 4104 in
1371 4040 1463 4124 Egy-

262 4155 370 4231 ptum.
408 4146 567 4213 Surrexit
582 4147 691 4230 igitur
706 4144 769 4210 sub
787 4144 871 4228 galli
889 4150 1027 4208 cantum
1044 4149 1079 4208 et
1094 4142 1272 4227 profectus
1290 4150 1352 4207 est.

332 4340 391 4389 vll.
410 4340 580 4390 Zeroduscit:
595 4339 635 4388 ita
647 4332 703 4398 Fi.;
718 4337 772 4386 sik.
786 4344 815 4387 et
827 4337 898 4387 Thil.
912 4337 1079 4386 ZorudascIt.

328 4442 380 4489 pro
393 4442 466 4490 opum
478 4424 594 4474 modulo:
607 4425 645 4474 ita
658 4422 713 4483 Ph,
727 4422 782 4472 Sin.
796 4428 824 4472 at
836 4422 907 4472 Thil.
920 4421 975 4470 loco
989 4420 1166 4470 benedictionis

331 4511 405 4560 VIII.
425 4512 485 4576 quid
497 4527 578 4561 aecum
590 4509 752 4559 attulissent:
766 4509 805 4559 ita
817 4508 873 4568 ΡΜ
891 4506 947 4556 Sin.
962 4514 990 4556 et
1002 4508 1072 4555 Thil.
1086 4523 1148 4570 quoa
1160 4507 1259 4555 tandem
1272 4508 1373 4556 itineris
1385 4510 1460 4557 coiri·

261 4604 299 4649 tes
309 4599 455 4648 habuissent

330 4683 374 4733 IX.
394 4699 448 4734 cam
459 4683 565 4732 vidiant
575 4697 662 4746 magor
678 4684 759 4745 iprum
769 4682 914 4731 destituisse
926 4697 971 4729 uec
989 4681 1024 4729 od
1041 4697 1094 4730 rese
1111 4679 1258 4729 revertisse:
1277 4679 1317 4730 ita
1329 4679 1383 4738 ΡΜ
1402 4679 1461 4731 sik.

261 4775 290 4822 et
302 4770 372 4821 Thil.
385 4770 473 4821 videns
484 4784 570 4833 magos
582 4769 699 4818 coartari
710 4783 755 4818 nec
767 4767 801 4816 od
813 4783 865 4817 me
877 4767 972 4817 reverti
