3458 5640
265 570 352 615 mn
726 551 999 603 PROLRGOMENA.

265 700 439 767 Nicodemi
454 701 618 783 interpres
633 700 762 765 dicitur.
793 699 883 765 Hinc
901 702 1067 784 prioribus
1085 699 1192 786 Ἐγὼ
1207 700 1378 786 4Αμιιιμῐοισ
1400 706 1463 766 etc.

264 813 317 879 vel
340 813 470 878 omissis
497 811 549 877 vel
575 832 749 895 perperam
777 812 928 894 repetitis
956 811 1008 878 vel
1035 833 1076 877 ex
1103 812 1241 878 arbitrio
1270 812 1477 894 immutatis,'

265 923 540 1008 quemadmodum
570 925 605 989 in
635 924 785 1007 pluribus
816 923 929 990 latinis
961 923 1127 991 codicibus
1159 929 1276 990 contre
1307 925 1398 1008 copti
1428 929 1485 1014 et.

264 1058 459 1123 graecorum
482 1037 715 1103 auctoritatem
737 1037 803 1102 iam
825 1036 930 1121 ipsius
952 1034 1128 1103 Nicodemi
1155 1058 1275 1104 nomen
1298 1038 1463 1103 intrusum

263 1151 399 1237 legitur,
431 1150 629 1218 addiderunt
656 1150 714 1217 illa
736 1148 835 1215 '‘Ooo
864 1150 936 1233 (alii
964 1156 1014 1216 καὶ
1043 1149 1121 1235 ὅσα)
1154 1151 1240 1237 μετὰ
1267 1150 1327 1238 τὸμ
1356 1175 1461 1217 σταυ-

264 1264 320 1349 ρόμ
345 1269 404 1330 etc.
428 1263 479 1329 rel
501 1263 635 1344 similia;
663 1285 739 1330 nem
768 1270 802 1330 et
828 1263 909 1330 haec
931 1265 1013 1330 sctis
1034 1263 1203 1330 fluctuent.
1246 1264 1377 1331 Rursus
1403 1263 1461 1330 alii

264 1376 437 1459 prologum
474 1382 651 1458 utrumque
689 1376 887 1456 omiserunt,
923 1377 1119 1457 pracsertim
1151 1397 1251 1457 quum
1283 1383 1461 1458 utrumque

194 1512 200 1535 ¹
264 1485 475 1550 coniunctum
507 1505 580 1549 cum
607 1504 642 1548 sc
669 1485 742 1567 ipso
768 1504 916 1567 pugnare
944 1485 979 1549 in
1006 1485 1119 1567 aprico
1152 1491 1253 1565 esset;
1285 1487 1461 1567 antiquum

263 1615 341 1660 vero
364 1595 524 1676 temporis
546 1595 581 1659 in
596 1592 725 1684 ,talibus
748 1594 832 1659 actis
855 1594 1022 1659 indicandi
1044 1616 1169 1661 morem
1188 1617 1248 1660 nec
1262 1600 1386 1660 norunt
1400 1616 1461 1661 nec

264 1705 486 1773 necessarium
508 1703 688 1770 duxerunt.'

350 1835 466 1918 Atque
487 1834 570 1900 haec
585 1833 716 1917 quidem
737 1833 777 1900 de
798 1833 920 1917 duplici
944 1833 1019 1899 libri
1041 1834 1256 1918 praefatione.
1286 1834 1460 1902 Historiae

264 1970 342 2015 vero
364 1948 510 2031 initium,
538 1946 626 2030 quod
649 1952 700 2013 est
722 1945 810 2030 apud
832 1968 893 2013 nos
916 1947 1124 2032 Ευμθούλιομ
1152 1946 1218 2035 γὰρ
1242 1949 1461 2034 ωοιήσαμτεσ

266 2064 297 2125 οἷ
319 2058 499 2146 ἆρχιερεΐσ,
532 2060 621 2143 apud
642 2059 817 2125 'Philonem
831 2059 969 2144 Ἅμμασ
996 2064 1046 2124 καὶ
1069 2060 1250 2144 Karesos,
1282 2081 1461 2144 rursusque

263 2172 298 2238 in
321 2172 395 2238 aliis
419 2172 586 2238 codicibus
609 2170 707 2252 aliud,
730 2172 771 2236 ob
794 2171 909 2237 eodem
931 2170 1115 2254 profectum
1139 2192 1210 2238 esse
1233 2174 1385 2238 existimo
1404 2173 1460 2255 qui

263 2283 340 2350 libri
362 2283 516 2349 Ananiae
544 2284 612 2348 sive
635 2283 771 2348 Aeneae
802 2283 1001 2349 auctoritate
1030 2282 1147 2348 edendi
1171 2304 1283 2348 curam
1306 2285 1461 2367 suscepit.

263 2392 366 2460 Cuius
394 2416 495 2476 quum
523 2399 622 2460 antea
649 2393 714 2459 alia
744 2395 832 2459 ratio
860 2400 962 2479 esset,
993 2394 1058 2459 iam
1088 2402 1121 2461 et
1147 2395 1221 2478 ipsa
1247 2396 1329 2460 satis
1357 2394 1461 2461 divul-

262 2511 353 2590 gata,
376 2505 500 2570 factum
522 2511 574 2571 est
595 2511 633 2569 ut
654 2505 751 2571 modo
774 2507 916 2589 pristinu
937 2506 1034 2572 modo
1057 2508 1222 2573 recentior
1243 2513 1460 2590 repeteretur,

262 2617 360 2684 modo
384 2639 424 2683 ex
445 2618 596 2702 utrisque
619 2639 704 2682 nova
727 2616 933 2684 conflaretur.
977 2619 1091 2702 Atque
1115 2618 1266 2686 similiter
1289 2640 1374 2702 quae
1400 2640 1460 2703 per

262 2734 371 2796 totum
410 2734 536 2795 textum
576 2731 660 2795 mira
699 2729 862 2796 lectionis
887 2732 1030 2796 varietas
1070 2736 1137 2814 est,
1177 2753 1216 2797 ea
1252 2732 1460 2815 potissimum

263 2840 339 2905 inde
368 2846 418 2905 est
441 2840 620 2904 derivanda
642 2840 730 2922 quod
753 2861 838 2922 quae
865 2841 942 2906 huic
969 2841 1235 2923 quemdiximus
1264 2842 1383 2907 editori
1407 2841 1460 2907 de·

262 2950 360 3016 betur
388 2950 541 3015 universa
567 2950 653 3020 libri
672 2950 778 3017 forma
804 2972 872 3017 non
899 2957 1027 3033 tantam
1053 2951 1198 3017 habebat
1224 2954 1459 3019 auctoritatem

263 3069 302 3127 ut
322 3062 465 3145 pristina
486 3083 547 3128 nec
570 3068 775 3146 repeteretur
797 3085 858 3129 nec
881 3085 954 3128 cum
977 3085 1062 3129 nova
1085 3063 1351 3130 confunderetur.

350 3190 501 3257 Iemvero
525 3192 565 3257 de
586 3190 796 3259 Nicodemi
823 3185 955 3259 nomine
984 3195 1130 3260 auctoris
1153 3193 1376 3277 quaerendum
1401 3200 1460 3276 cst,

263 3302 352 3387 quod
375 3324 511 3387 magnos
534 3325 573 3370 ac
594 3325 710 3388 graves
733 3304 773 3370 de
795 3305 879 3370 libro
904 3310 1018 3372 nostro
1047 3327 1176 3372 errores
1206 3307 1338 3371 creavit.
1383 3305 1460 3372 Hoc

264 3415 349 3481 enim
372 3436 474 3497 quum
503 3417 544 3481 ab
572 3416 719 3498 antiquis
745 3436 812 3481 non
840 3421 1130 3482 commemoratum
1158 3417 1320 3499 viderent,
1352 3419 1459 3499 ipsum

264 3524 482 3608 evangelium,
511 3527 632 3608 quippe
655 3525 744 3608 quod
765 3524 940 3592 Nicodemi
963 3526 1141 3608 diceretur,
1170 3532 1222 3590 sot
1247 3528 1372 3591 recenti
1395 3547 1460 3591 me·
1511 3531 1515 3541 ’

263 3637 370 3701 moria
391 3637 412 3702 i.
428 3657 454 3702 e.
470 3641 562 3702 sexto
586 3635 654 3701 lere
677 3635 807 3701 saeculo
830 3636 979 3718 prodisse
998 3637 1219 3719 opinabantur
1228 3637 1262 3718 ¹).
1291 3634 1457 3701 Nimirum

264 3747 304 3813 de
328 3747 467 3821 Graecis
499 3747 581 3813 nihil
612 3748 794 3817 testimonii
822 3748 862 3813 de
894 3746 1062 3833 evangelio
1085 3747 1260 3815 Nicodemi
1291 3752 1459 3832 repertum

264 3865 323 3944 est,
345 3861 410 3926 nisi
433 3860 521 3944 quod
543 3861 576 3925 in
599 3861 702 3942 ueteri
725 3858 908 3945 Synaxcrio
929 3866 982 3927 'est
1004 3864 1159 3947 Λέγεται
1189 3864 1301 3946 μέμτοι
1327 3865 1383 3924 (bo
1405 3866 1457 3926 καὶ

263 3971 457 4057 Νικΰδκμοσ
490 3971 596 4036 odron
622 3979 864 4057 λεωτομερὼσ
891 3972 936 4036 τὰ
963 3973 1050 4037 κατὰ
1075 3972 1117 4037 τὸ
1143 3972 1264 4036 meroe
1291 3968 1355 4037 τοῦ
1377 3975 1458 4057 Χρι-

349 4211 371 4277 ¹)
391 4215 511 4278 Exempli
530 4229 624 4264 caum
641 4214 702 4264 vide
722 4229 788 4278 quse
807 4215 838 4263 ds
856 4217 974 4273 Ammon,
999 4215 1039 4264 vir
1057 4215 1246 4265 celeberrimus
1266 4223 1293 4266 st
1311 4216 1379 4264 elios
1397 4230 1458 4265 son-

263 4300 333 4349 mine
352 4301 468 4362 pollens,
487 4298 521 4348 de
540 4300 679 4363 stengelio
699 4298 839 4349 Nicodemi
858 4299 985 4349 discernit
1003 4299 1085 4349 Debes
1103 4300 1166 4348 Jm
1183 4299 1205 4348 l.
1226 4316 1251 4362 p.
1270 4301 1321 4349 102
1339 4315 1379 4363 sq.
1414 4300 1459 4348 Da

262 4388 318 4434 irat
334 4386 455 4434 :mirobeo
470 4385 525 4435 dm
541 4386 653 4434 eceman
669 4385 721 4434 end
738 4385 841 4434 ulau»
852 4385 1029 4434 Jatrtondert
1044 4387 1086 4434 σὺ»
1103 4384 1200 4434 kleiuer
1210 4385 1284 4433 Beck
1299 4386 1391 4434 hemor
1403 4389 1456 4434 etc.

263 4469 313 4520 Hir
330 4472 424 4521 mirum
444 4472 471 4520 in
490 4470 596 4521 modum
614 4471 708 4521 stetim
729 4471 872 4521 subiuncta
890 4474 954 4521 sunt
981 4469 1061 4520 Uater
1077 4470 1126 4520 den
1143 4470 1338 4533 Monum‘ptcs
1355 4470 1402 4519 der
1419 4469 1458 4519 lc·

262 4559 399 4610 uiolento»
422 4557 615 4624 Ucberretmp,
639 4558 681 4609 die
703 4557 794 4608 benite
814 4541 845 4608 aa
863 4557 939 4620 Eudo
956 4557 1000 4608 du
1017 4559 1130 4609 rochete»
1147 4557 1337 4639 Jodrbssdertr
1358 4558 1400 4608 eia
1415 4573 1458 4623 μ·

259 4645 377 4710 pessime
394 4645 511 4694 Accedes
528 4643 619 4694 crdidi
637 4648 690 4694 etc.
