<?xml version="1.0" encoding="UTF-8"?>
<!DOCTYPE html PUBLIC "-//W3C//DTD XHTML 1.0 Transitional//EN"
    "http://www.w3.org/TR/xhtml1/DTD/xhtml1-transitional.dtd">
<html xmlns="http://www.w3.org/1999/xhtml" xml:lang="en" lang="en">
 <head>
  <title>
</title>
<meta http-equiv="Content-Type" content="text/html;charset=utf-8" />
  <meta name='ocr-system' content='tesseract 3.04.00' />
  <meta name='ocr-capabilities' content='ocr_page ocr_carea ocr_par ocr_line ocrx_word'/>
</head>
<body>
  <div class='ocr_page' id='page_1' title='image "./evangeliaapocry02tiscgoog_0322.png"; bbox 0 0 3458 5640; ppageno 0'>
   <div class='ocr_carea' id='block_1_1' title="bbox 389 567 1376 632">
    <p class='ocr_par' dir='ltr' id='par_1_1' title="bbox 389 567 1376 632">
     <span class='ocr_line' id='line_1_1' title="bbox 389 567 1376 632; baseline 0.013 -14"><span class='ocrx_word' id='word_1_1' title='bbox 389 568 620 619; x_wconf 72' lang='lat' dir='ltr'>evaseserunt</span> <span class='ocrx_word' id='word_1_2' title='bbox 639 569 829 620; x_wconf 80' lang='lat' dir='ltr'>mmnrme</span> <span class='ocrx_word' id='word_1_3' title='bbox 848 569 1038 623; x_wconf 76' lang='lat' dir='ltr'>snsmcuu.</span> <span class='ocrx_word' id='word_1_4' title='bbox 1070 569 1100 618; x_wconf 84' lang='lat' dir='ltr'>n.</span> <span class='ocrx_word' id='word_1_5' title='bbox 1118 569 1163 620; x_wconf 81' lang='lat' dir='ltr'>m.</span> <span class='ocrx_word' id='word_1_6' title='bbox 1313 567 1376 632; x_wconf 75' lang='lat'>207</span> 
     </span>
    </p>
   </div>
   <div class='ocr_carea' id='block_1_2' title="bbox 176 713 1378 1424">
    <p class='ocr_par' dir='ltr' id='par_1_2' title="bbox 176 713 1378 1424">
     <span class='ocr_line' id='line_1_2' title="bbox 178 713 1378 802; baseline 0.002 -22"><span class='ocrx_word' id='word_1_7' title='bbox 178 713 310 800; x_wconf 89' lang='lat' dir='ltr'>Alsph,</span> <span class='ocrx_word' id='word_1_8' title='bbox 339 718 504 801; x_wconf 83' lang='lat' dir='ltr'>magister</span> <span class='ocrx_word' id='word_1_9' title='bbox 525 737 602 783; x_wconf 88' lang='lat' dir='ltr'>eum</span> <span class='ocrx_word' id='word_1_10' title='bbox 623 717 715 783; x_wconf 89' lang='lat' dir='ltr'>Beth</span> <span class='ocrx_word' id='word_1_11' title='bbox 735 718 967 802; x_wconf 79' lang='lat' dir='ltr'>pronunciare</span> <span class='ocrx_word' id='word_1_12' title='bbox 989 718 1103 784; x_wconf 84' lang='lat' dir='ltr'>iussit.</span> <span class='ocrx_word' id='word_1_13' title='bbox 1149 716 1215 785; x_wconf 83' lang='lat' dir='ltr'>Oui</span> <span class='ocrx_word' id='word_1_14' title='bbox 1237 739 1378 802; x_wconf 91' lang='lat' dir='ltr'>respon·</span> 
     </span>
     <span class='ocr_line' id='line_1_3' title="bbox 180 819 1376 907; baseline 0.002 -23"><span class='ocrx_word' id='word_1_15' title='bbox 180 820 265 886; x_wconf 90' lang='lat' dir='ltr'>dens</span> <span class='ocrx_word' id='word_1_16' title='bbox 283 820 442 887; x_wconf 91' lang='lat' dir='ltr'>dominus</span> <span class='ocrx_word' id='word_1_17' title='bbox 459 821 575 903; x_wconf 91' lang='lat' dir='ltr'>Iesus,</span> <span class='ocrx_word' id='word_1_18' title='bbox 597 821 666 886; x_wconf 94' lang='lat' dir='ltr'>Dic</span> <span class='ocrx_word' id='word_1_19' title='bbox 689 820 788 903; x_wconf 93' lang='lat' dir='ltr'>mihi,</span> <span class='ocrx_word' id='word_1_20' title='bbox 810 821 941 905; x_wconf 92' lang='lat' dir='ltr'>inquit,</span> <span class='ocrx_word' id='word_1_21' title='bbox 962 821 1059 906; x_wconf 92' lang='lat' dir='ltr'>prius</span> <span class='ocrx_word' id='word_1_22' title='bbox 1083 819 1376 907; x_wconf 83' lang='lat' dir='ltr'>significationem</span> 
     </span>
     <span class='ocr_line' id='line_1_4' title="bbox 178 921 1377 1010; baseline 0.001 -23"><span class='ocrx_word' id='word_1_23' title='bbox 178 923 316 990; x_wconf 73' lang='lat' dir='ltr'>litterae</span> <span class='ocrx_word' id='word_1_24' title='bbox 336 921 469 1009; x_wconf 86' lang='lat' dir='ltr'>Aleph,</span> <span class='ocrx_word' id='word_1_25' title='bbox 492 930 527 990; x_wconf 90' lang='lat' dir='ltr'>et</span> <span class='ocrx_word' id='word_1_26' title='bbox 546 931 619 991; x_wconf 84' lang='lat' dir='ltr'>tum</span> <span class='ocrx_word' id='word_1_27' title='bbox 640 924 732 991; x_wconf 91' lang='lat' dir='ltr'>Beth</span> <span class='ocrx_word' id='word_1_28' title='bbox 752 924 1002 1010; x_wconf 74' lang='lat' dir='ltr'>pronunciabo.</span> <span class='ocrx_word' id='word_1_29' title='bbox 1045 925 1117 991; x_wconf 90' lang='lat' dir='ltr'>Hic</span> <span class='ocrx_word' id='word_1_30' title='bbox 1139 946 1216 992; x_wconf 92' lang='lat' dir='ltr'>oum</span> <span class='ocrx_word' id='word_1_31' title='bbox 1237 923 1377 991; x_wconf 85' lang='lat' dir='ltr'>sublate</span> 
     </span>
     <span class='ocr_line' id='line_1_5' title="bbox 177 1028 1377 1114; baseline -0.001 -21"><span class='ocrx_word' id='word_1_32' title='bbox 177 1049 279 1094; x_wconf 88' lang='lat' dir='ltr'>manu</span> <span class='ocrx_word' id='word_1_33' title='bbox 301 1049 378 1094; x_wconf 91' lang='lat' dir='ltr'>eum</span> <span class='ocrx_word' id='word_1_34' title='bbox 400 1029 620 1096; x_wconf 79' lang='lat' dir='ltr'>verberasset</span> <span class='ocrx_word' id='word_1_35' title='bbox 635 1029 816 1114; x_wconf 86' lang='lat' dir='ltr'>magister,</span> <span class='ocrx_word' id='word_1_36' title='bbox 840 1028 1023 1096; x_wconf 83' lang='lat' dir='ltr'>confestim</span> <span class='ocrx_word' id='word_1_37' title='bbox 1042 1050 1165 1095; x_wconf 89' lang='lat' dir='ltr'>manus</span> <span class='ocrx_word' id='word_1_38' title='bbox 1188 1028 1298 1112; x_wconf 90' lang='lat' dir='ltr'>ipsius</span> <span class='ocrx_word' id='word_1_39' title='bbox 1322 1049 1377 1092; x_wconf 88' lang='lat' dir='ltr'>ex·</span> 
     </span>
     <span class='ocr_line' id='line_1_6' title="bbox 177 1130 1372 1218; baseline 0 -22"><span class='ocrx_word' id='word_1_40' title='bbox 177 1132 278 1214; x_wconf 89' lang='lat' dir='ltr'>aruit,</span> <span class='ocrx_word' id='word_1_41' title='bbox 297 1137 332 1197; x_wconf 88' lang='lat' dir='ltr'>et</span> <span class='ocrx_word' id='word_1_42' title='bbox 346 1138 503 1199; x_wconf 90' lang='lat' dir='ltr'>mortuus</span> <span class='ocrx_word' id='word_1_43' title='bbox 515 1138 584 1199; x_wconf 89' lang='lat' dir='ltr'>est.</span> <span class='ocrx_word' id='word_1_44' title='bbox 615 1132 714 1199; x_wconf 77' lang='lat' dir='ltr'>&#39;l&#39;unc</span> <span class='ocrx_word' id='word_1_45' title='bbox 731 1133 819 1199; x_wconf 85' lang='lat' dir='ltr'>dixit</span> <span class='ocrx_word' id='word_1_46' title='bbox 833 1132 1004 1218; x_wconf 84' lang='lat' dir='ltr'>Iosephus</span> <span class='ocrx_word' id='word_1_47' title='bbox 1021 1133 1125 1200; x_wconf 91' lang='lat' dir='ltr'>herae</span> <span class='ocrx_word' id='word_1_48' title='bbox 1142 1132 1292 1199; x_wconf 84' lang='lat' dir='ltr'>Mariae:</span> <span class='ocrx_word' id='word_1_49' title='bbox 1315 1130 1372 1197; x_wconf 87' lang='lat' dir='ltr'>Ab</span> 
     </span>
     <span class='ocr_line' id='line_1_7' title="bbox 176 1235 1375 1320; baseline 0.001 -21"><span class='ocrx_word' id='word_1_50' title='bbox 176 1235 241 1301; x_wconf 93' lang='lat' dir='ltr'>hoc</span> <span class='ocrx_word' id='word_1_51' title='bbox 257 1243 413 1320; x_wconf 89' lang='lat' dir='ltr'>tempore</span> <span class='ocrx_word' id='word_1_52' title='bbox 432 1258 499 1303; x_wconf 89' lang='lat' dir='ltr'>non</span> <span class='ocrx_word' id='word_1_53' title='bbox 518 1237 672 1303; x_wconf 89' lang='lat' dir='ltr'>sinemus</span> <span class='ocrx_word' id='word_1_54' title='bbox 690 1258 767 1303; x_wconf 92' lang='lat' dir='ltr'>eum</span> <span class='ocrx_word' id='word_1_55' title='bbox 784 1237 885 1304; x_wconf 92' lang='lat' dir='ltr'>domo</span> <span class='ocrx_word' id='word_1_56' title='bbox 903 1237 1008 1319; x_wconf 89' lang='lat' dir='ltr'>exire,</span> <span class='ocrx_word' id='word_1_57' title='bbox 1032 1236 1195 1320; x_wconf 90' lang='lat' dir='ltr'>quoniam</span> <span class='ocrx_word' id='word_1_58' title='bbox 1213 1235 1375 1320; x_wconf 90' lang='lat' dir='ltr'>quisquis</span> 
     </span>
     <span class='ocr_line' id='line_1_8' title="bbox 177 1339 786 1424; baseline 0 -20"><span class='ocrx_word' id='word_1_59' title='bbox 177 1339 242 1422; x_wconf 89' lang='lat' dir='ltr'>ipsi</span> <span class='ocrx_word' id='word_1_60' title='bbox 260 1339 465 1406; x_wconf 82' lang='lat' dir='ltr'>adversatur</span> <span class='ocrx_word' id='word_1_61' title='bbox 480 1346 589 1407; x_wconf 90' lang='lat' dir='ltr'>morte</span> <span class='ocrx_word' id='word_1_62' title='bbox 609 1340 786 1424; x_wconf 88' lang='lat' dir='ltr'>plectitur.</span> 
     </span>
    </p>
   </div>
   <div class='ocr_carea' id='block_1_3' title="bbox 683 1577 866 1647">
    <p class='ocr_par' dir='ltr' id='par_1_3' title="bbox 683 1577 866 1647">
     <span class='ocr_line' id='line_1_9' title="bbox 683 1577 866 1647; baseline -0.011 0"><span class='ocrx_word' id='word_1_63' title='bbox 683 1577 802 1647; x_wconf 74' lang='lat' dir='ltr'>Orrur</span> <span class='ocrx_word' id='word_1_64' title='bbox 825 1579 866 1646; x_wconf 85' lang='lat' dir='ltr'>L.</span> 
     </span>
    </p>
   </div>
   <div class='ocr_carea' id='block_1_4' title="bbox 170 1750 1374 3390">
    <p class='ocr_par' dir='ltr' id='par_1_4' title="bbox 170 1750 1374 3390">
     <span class='ocr_line' id='line_1_10' title="bbox 260 1750 1374 1834; baseline 0.002 -18"><span class='ocrx_word' id='word_1_65' title='bbox 260 1750 309 1816; x_wconf 86' lang='lat' dir='ltr'>Et</span> <span class='ocrx_word' id='word_1_66' title='bbox 331 1772 409 1816; x_wconf 92' lang='lat' dir='ltr'>cum</span> <span class='ocrx_word' id='word_1_67' title='bbox 431 1750 543 1818; x_wconf 86' lang='lat' dir='ltr'>factus</span> <span class='ocrx_word' id='word_1_68' title='bbox 565 1758 658 1819; x_wconf 88' lang='lat' dir='ltr'>esset</span> <span class='ocrx_word' id='word_1_69' title='bbox 680 1773 851 1819; x_wconf 88' lang='lat' dir='ltr'>annorum</span> <span class='ocrx_word' id='word_1_70' title='bbox 873 1751 1070 1834; x_wconf 88' lang='lat' dir='ltr'>duodecim,</span> <span class='ocrx_word' id='word_1_71' title='bbox 1096 1751 1272 1818; x_wconf 88' lang='lat' dir='ltr'>duxerunt</span> <span class='ocrx_word' id='word_1_72' title='bbox 1296 1773 1374 1818; x_wconf 90' lang='lat' dir='ltr'>eum</span> 
     </span>
     <span class='ocr_line' id='line_1_11' title="bbox 173 1853 1374 1940; baseline 0.001 -20"><span class='ocrx_word' id='word_1_73' title='bbox 173 1854 454 1938; x_wconf 83' lang='lat' dir='ltr'>Hierosolymam</span> <span class='ocrx_word' id='word_1_74' title='bbox 474 1853 517 1919; x_wconf 89' lang='lat' dir='ltr'>ad</span> <span class='ocrx_word' id='word_1_75' title='bbox 534 1854 672 1921; x_wconf 83' lang='lat' dir='ltr'>festum.</span> <span class='ocrx_word' id='word_1_76' title='bbox 707 1856 826 1923; x_wconf 85' lang='lat' dir='ltr'>Finito</span> <span class='ocrx_word' id='word_1_77' title='bbox 842 1862 960 1922; x_wconf 85' lang='lat' dir='ltr'>autern</span> <span class='ocrx_word' id='word_1_78' title='bbox 975 1854 1065 1922; x_wconf 89' lang='lat' dir='ltr'>festo</span> <span class='ocrx_word' id='word_1_79' title='bbox 1081 1856 1149 1940; x_wconf 93' lang='lat' dir='ltr'>ipsi</span> <span class='ocrx_word' id='word_1_80' title='bbox 1166 1855 1307 1940; x_wconf 88' lang='lat' dir='ltr'>quidem</span> <span class='ocrx_word' id='word_1_81' title='bbox 1322 1877 1374 1921; x_wconf 88' lang='lat' dir='ltr'>re·</span> 
     </span>
     <span class='ocr_line' id='line_1_12' title="bbox 172 1956 1374 2042; baseline 0.002 -20"><span class='ocrx_word' id='word_1_82' title='bbox 172 1961 367 2038; x_wconf 83' lang='lat' dir='ltr'>verterunt,</span> <span class='ocrx_word' id='word_1_83' title='bbox 389 1956 451 2021; x_wconf 91' lang='lat' dir='ltr'>sed</span> <span class='ocrx_word' id='word_1_84' title='bbox 468 1956 626 2024; x_wconf 90' lang='lat' dir='ltr'>dominus</span> <span class='ocrx_word' id='word_1_85' title='bbox 642 1958 744 2024; x_wconf 89' lang='lat' dir='ltr'>Iesus</span> <span class='ocrx_word' id='word_1_86' title='bbox 761 1961 929 2026; x_wconf 82' lang='lat' dir='ltr'>remansit</span> <span class='ocrx_word' id='word_1_87' title='bbox 949 1959 986 2024; x_wconf 94' lang='lat' dir='ltr'>in</span> <span class='ocrx_word' id='word_1_88' title='bbox 1003 1958 1131 2042; x_wconf 92' lang='lat' dir='ltr'>templo</span> <span class='ocrx_word' id='word_1_89' title='bbox 1147 1959 1242 2025; x_wconf 87' lang='lat' dir='ltr'>inter</span> <span class='ocrx_word' id='word_1_90' title='bbox 1257 1959 1374 2025; x_wconf 91' lang='lat' dir='ltr'>docto-</span> 
     </span>
     <span class='ocr_line' id='line_1_13' title="bbox 175 2060 1373 2146; baseline 0.003 -22"><span class='ocrx_word' id='word_1_91' title='bbox 175 2080 232 2125; x_wconf 92' lang='lat' dir='ltr'>res</span> <span class='ocrx_word' id='word_1_92' title='bbox 255 2067 289 2126; x_wconf 92' lang='lat' dir='ltr'>et</span> <span class='ocrx_word' id='word_1_93' title='bbox 305 2060 461 2127; x_wconf 84' lang='lat' dir='ltr'>seniores</span> <span class='ocrx_word' id='word_1_94' title='bbox 483 2064 518 2125; x_wconf 90' lang='lat' dir='ltr'>et</span> <span class='ocrx_word' id='word_1_95' title='bbox 533 2061 689 2127; x_wconf 89' lang='lat' dir='ltr'>eruditos</span> <span class='ocrx_word' id='word_1_96' title='bbox 711 2082 752 2127; x_wconf 90' lang='lat' dir='ltr'>ex</span> <span class='ocrx_word' id='word_1_97' title='bbox 768 2062 851 2129; x_wconf 88' lang='lat' dir='ltr'>liliis</span> <span class='ocrx_word' id='word_1_98' title='bbox 867 2062 1028 2143; x_wconf 87' lang='lat' dir='ltr'>Israelis,</span> <span class='ocrx_word' id='word_1_99' title='bbox 1051 2083 1137 2146; x_wconf 92' lang='lat' dir='ltr'>quos</span> <span class='ocrx_word' id='word_1_100' title='bbox 1155 2061 1197 2126; x_wconf 92' lang='lat' dir='ltr'>de</span> <span class='ocrx_word' id='word_1_101' title='bbox 1215 2061 1373 2127; x_wconf 89' lang='lat' dir='ltr'>scientiis</span> 
     </span>
     <span class='ocr_line' id='line_1_14' title="bbox 173 2163 1373 2252; baseline 0.003 -25"><span class='ocrx_word' id='word_1_102' title='bbox 173 2165 270 2230; x_wconf 83' lang='lat' dir='ltr'>varia</span> <span class='ocrx_word' id='word_1_103' title='bbox 289 2163 540 2250; x_wconf 86' lang='lat' dir='ltr'>interrogabat,</span> <span class='ocrx_word' id='word_1_104' title='bbox 562 2171 598 2232; x_wconf 89' lang='lat' dir='ltr'>et</span> <span class='ocrx_word' id='word_1_105' title='bbox 617 2166 769 2233; x_wconf 89' lang='lat' dir='ltr'>vicissim</span> <span class='ocrx_word' id='word_1_106' title='bbox 793 2167 843 2233; x_wconf 89' lang='lat' dir='ltr'>eis</span> <span class='ocrx_word' id='word_1_107' title='bbox 865 2165 1108 2252; x_wconf 90' lang='lat' dir='ltr'>respondebat.</span> <span class='ocrx_word' id='word_1_108' title='bbox 1156 2164 1257 2231; x_wconf 85' lang='lat' dir='ltr'>Dixit</span> <span class='ocrx_word' id='word_1_109' title='bbox 1280 2165 1373 2230; x_wconf 91' lang='lat' dir='ltr'>enim</span> 
     </span>
     <span class='ocr_line' id='line_1_15' title="bbox 175 2267 1374 2363; baseline 0.003 -30"><span class='ocrx_word' id='word_1_110' title='bbox 175 2267 264 2336; x_wconf 91' lang='lat' dir='ltr'>illis:</span> <span class='ocrx_word' id='word_1_111' title='bbox 288 2268 439 2336; x_wconf 90' lang='lat' dir='ltr'>Messias</span> <span class='ocrx_word' id='word_1_112' title='bbox 457 2270 555 2337; x_wconf 89' lang='lat' dir='ltr'>cuius</span> <span class='ocrx_word' id='word_1_113' title='bbox 572 2277 625 2337; x_wconf 88' lang='lat' dir='ltr'>est</span> <span class='ocrx_word' id='word_1_114' title='bbox 641 2269 757 2338; x_wconf 81' lang='lat' dir='ltr'>lilius?</span> <span class='ocrx_word' id='word_1_115' title='bbox 792 2271 1064 2356; x_wconf 88' lang='lat' dir='ltr'>Responderunt</span> <span class='ocrx_word' id='word_1_116' title='bbox 1079 2269 1149 2363; x_wconf 88' lang='lat' dir='ltr'>illi:</span> <span class='ocrx_word' id='word_1_117' title='bbox 1172 2269 1287 2336; x_wconf 86' lang='lat' dir='ltr'>Filius</span> <span class='ocrx_word' id='word_1_118' title='bbox 1303 2267 1374 2337; x_wconf 86' lang='lat' dir='ltr'>Da·</span> 
     </span>
     <span class='ocr_line' id='line_1_16' title="bbox 173 2373 1373 2460; baseline 0.002 -23"><span class='ocrx_word' id='word_1_119' title='bbox 173 2373 272 2440; x_wconf 82' lang='lat' dir='ltr'>vidis.</span> <span class='ocrx_word' id='word_1_120' title='bbox 313 2373 427 2458; x_wconf 78' lang='lat' dir='ltr'>Quare</span> <span class='ocrx_word' id='word_1_121' title='bbox 455 2395 553 2460; x_wconf 86' lang='lat' dir='ltr'>ergo,</span> <span class='ocrx_word' id='word_1_122' title='bbox 578 2375 709 2460; x_wconf 87' lang='lat' dir='ltr'>inquit,</span> <span class='ocrx_word' id='word_1_123' title='bbox 736 2375 771 2441; x_wconf 95' lang='lat' dir='ltr'>in</span> <span class='ocrx_word' id='word_1_124' title='bbox 797 2376 923 2460; x_wconf 91' lang='lat' dir='ltr'>spiritu</span> <span class='ocrx_word' id='word_1_125' title='bbox 948 2380 1048 2441; x_wconf 87' lang='lat' dir='ltr'>vocat</span> <span class='ocrx_word' id='word_1_126' title='bbox 1070 2374 1170 2440; x_wconf 91' lang='lat' dir='ltr'>illum</span> <span class='ocrx_word' id='word_1_127' title='bbox 1196 2373 1373 2441; x_wconf 90' lang='lat' dir='ltr'>dominum</span> 
     </span>
     <span class='ocr_line' id='line_1_17' title="bbox 174 2474 1372 2561; baseline -0.001 -18"><span class='ocrx_word' id='word_1_128' title='bbox 174 2498 289 2561; x_wconf 90' lang='lat' dir='ltr'>suum,</span> <span class='ocrx_word' id='word_1_129' title='bbox 313 2500 390 2544; x_wconf 91' lang='lat' dir='ltr'>cum</span> <span class='ocrx_word' id='word_1_130' title='bbox 412 2477 510 2544; x_wconf 89' lang='lat' dir='ltr'>dicit:</span> <span class='ocrx_word' id='word_1_131' title='bbox 542 2477 644 2545; x_wconf 86' lang='lat' dir='ltr'>Dixit</span> <span class='ocrx_word' id='word_1_132' title='bbox 659 2479 819 2547; x_wconf 92' lang='lat' dir='ltr'>dominus</span> <span class='ocrx_word' id='word_1_133' title='bbox 836 2478 976 2545; x_wconf 90' lang='lat' dir='ltr'>domino</span> <span class='ocrx_word' id='word_1_134' title='bbox 998 2499 1087 2545; x_wconf 92' lang='lat' dir='ltr'>meo:</span> <span class='ocrx_word' id='word_1_135' title='bbox 1120 2476 1210 2557; x_wconf 85' lang='lat' dir='ltr'>Sede</span> <span class='ocrx_word' id='word_1_136' title='bbox 1230 2474 1277 2543; x_wconf 74' lang='lat' dir='ltr'>vad</span> <span class='ocrx_word' id='word_1_137' title='bbox 1293 2476 1372 2543; x_wconf 90' lang='lat' dir='ltr'>dex·</span> 
     </span>
     <span class='ocr_line' id='line_1_18' title="bbox 171 2580 1372 2669; baseline 0 -23"><span class='ocrx_word' id='word_1_138' title='bbox 171 2587 259 2647; x_wconf 88' lang='lat' dir='ltr'>tram</span> <span class='ocrx_word' id='word_1_139' title='bbox 275 2604 396 2665; x_wconf 90' lang='lat' dir='ltr'>meam,</span> <span class='ocrx_word' id='word_1_140' title='bbox 413 2591 452 2648; x_wconf 95' lang='lat' dir='ltr'>ut</span> <span class='ocrx_word' id='word_1_141' title='bbox 467 2583 583 2650; x_wconf 90' lang='lat' dir='ltr'>hostes</span> <span class='ocrx_word' id='word_1_142' title='bbox 599 2590 680 2652; x_wconf 89' lang='lat' dir='ltr'>tuos</span> <span class='ocrx_word' id='word_1_143' title='bbox 695 2584 853 2669; x_wconf 82' lang='lat' dir='ltr'>vestigiis</span> <span class='ocrx_word' id='word_1_144' title='bbox 868 2583 995 2669; x_wconf 90' lang='lat' dir='ltr'>pedum</span> <span class='ocrx_word' id='word_1_145' title='bbox 1012 2587 1149 2648; x_wconf 93' lang='lat' dir='ltr'>tuorum</span> <span class='ocrx_word' id='word_1_146' title='bbox 1166 2580 1372 2647; x_wconf 81' lang='lat' dir='ltr'>subiiciam?</span> 
     </span>
     <span class='ocr_line' id='line_1_19' title="bbox 170 2682 1371 2773; baseline 0.001 -25"><span class='ocrx_word' id='word_1_147' title='bbox 170 2683 305 2750; x_wconf 88' lang='lat' dir='ltr'>Rursus</span> <span class='ocrx_word' id='word_1_148' title='bbox 332 2686 420 2750; x_wconf 88' lang='lat' dir='ltr'>dixit</span> <span class='ocrx_word' id='word_1_149' title='bbox 451 2686 482 2751; x_wconf 90' lang='lat' dir='ltr'>ei</span> <span class='ocrx_word' id='word_1_150' title='bbox 507 2687 669 2773; x_wconf 90' lang='lat' dir='ltr'>princeps</span> <span class='ocrx_word' id='word_1_151' title='bbox 696 2687 892 2754; x_wconf 91' lang='lat' dir='ltr'>doctorum:</span> <span class='ocrx_word' id='word_1_152' title='bbox 937 2685 1119 2771; x_wconf 84' lang='lat' dir='ltr'>Legistine</span> <span class='ocrx_word' id='word_1_153' title='bbox 1144 2682 1277 2751; x_wconf 81' lang='lat' dir='ltr'>libros?</span> <span class='ocrx_word' id='word_1_154' title='bbox 1323 2683 1371 2749; x_wconf 82' lang='lat' dir='ltr'>Et</span> 
     </span>
     <span class='ocr_line' id='line_1_20' title="bbox 170 2784 1368 2874; baseline 0.003 -26"><span class='ocrx_word' id='word_1_155' title='bbox 170 2784 290 2867; x_wconf 89' lang='lat' dir='ltr'>libros,</span> <span class='ocrx_word' id='word_1_156' title='bbox 307 2788 424 2872; x_wconf 90' lang='lat' dir='ltr'>inquit</span> <span class='ocrx_word' id='word_1_157' title='bbox 440 2788 599 2857; x_wconf 90' lang='lat' dir='ltr'>dominus</span> <span class='ocrx_word' id='word_1_158' title='bbox 617 2790 728 2873; x_wconf 90' lang='lat' dir='ltr'>Iesus,</span> <span class='ocrx_word' id='word_1_159' title='bbox 746 2798 780 2857; x_wconf 91' lang='lat' dir='ltr'>et</span> <span class='ocrx_word' id='word_1_160' title='bbox 796 2811 837 2856; x_wconf 90' lang='lat' dir='ltr'>ea</span> <span class='ocrx_word' id='word_1_161' title='bbox 854 2810 942 2874; x_wconf 88' lang='lat' dir='ltr'>quas</span> <span class='ocrx_word' id='word_1_162' title='bbox 960 2789 995 2854; x_wconf 91' lang='lat' dir='ltr'>in</span> <span class='ocrx_word' id='word_1_163' title='bbox 1012 2788 1112 2855; x_wconf 88' lang='lat' dir='ltr'>libris</span> <span class='ocrx_word' id='word_1_164' title='bbox 1130 2788 1368 2868; x_wconf 84' lang='lat' dir='ltr'>continentur3</span> 
     </span>
     <span class='ocr_line' id='line_1_21' title="bbox 172 2890 1370 2980; baseline 0.003 -26"><span class='ocrx_word' id='word_1_165' title='bbox 172 2895 207 2955; x_wconf 90' lang='lat' dir='ltr'>et</span> <span class='ocrx_word' id='word_1_166' title='bbox 222 2890 406 2975; x_wconf 88' lang='lat' dir='ltr'>explicavit</span> <span class='ocrx_word' id='word_1_167' title='bbox 416 2892 524 2961; x_wconf 89' lang='lat' dir='ltr'>libros</span> <span class='ocrx_word' id='word_1_168' title='bbox 543 2899 578 2960; x_wconf 89' lang='lat' dir='ltr'>et</span> <span class='ocrx_word' id='word_1_169' title='bbox 592 2895 705 2980; x_wconf 81' lang='lat' dir='ltr'>legem</span> <span class='ocrx_word' id='word_1_170' title='bbox 722 2899 758 2960; x_wconf 90' lang='lat' dir='ltr'>et</span> <span class='ocrx_word' id='word_1_171' title='bbox 769 2897 955 2980; x_wconf 87' lang='lat' dir='ltr'>praecepta</span> <span class='ocrx_word' id='word_1_172' title='bbox 971 2898 1006 2958; x_wconf 91' lang='lat' dir='ltr'>et</span> <span class='ocrx_word' id='word_1_173' title='bbox 1015 2896 1147 2972; x_wconf 86' lang='lat' dir='ltr'>statuta</span> <span class='ocrx_word' id='word_1_174' title='bbox 1162 2897 1198 2958; x_wconf 89' lang='lat' dir='ltr'>et</span> <span class='ocrx_word' id='word_1_175' title='bbox 1207 2892 1370 2977; x_wconf 85' lang='lat' dir='ltr'>mysteria</span> 
     </span>
     <span class='ocr_line' id='line_1_22' title="bbox 172 2995 1369 3083; baseline 0.003 -26"><span class='ocrx_word' id='word_1_176' title='bbox 172 3014 259 3077; x_wconf 88' lang='lat' dir='ltr'>quae</span> <span class='ocrx_word' id='word_1_177' title='bbox 276 2995 313 3059; x_wconf 92' lang='lat' dir='ltr'>in</span> <span class='ocrx_word' id='word_1_178' title='bbox 330 2995 430 3063; x_wconf 90' lang='lat' dir='ltr'>libris</span> <span class='ocrx_word' id='word_1_179' title='bbox 446 2997 692 3083; x_wconf 89' lang='lat' dir='ltr'>prophetarum</span> <span class='ocrx_word' id='word_1_180' title='bbox 707 2999 939 3079; x_wconf 88' lang='lat' dir='ltr'>continentur,</span> <span class='ocrx_word' id='word_1_181' title='bbox 957 3016 1012 3062; x_wconf 87' lang='lat' dir='ltr'>res</span> <span class='ocrx_word' id='word_1_182' title='bbox 1024 3016 1110 3080; x_wconf 90' lang='lat' dir='ltr'>quas</span> <span class='ocrx_word' id='word_1_183' title='bbox 1127 2996 1259 3062; x_wconf 92' lang='lat' dir='ltr'>nullius</span> <span class='ocrx_word' id='word_1_184' title='bbox 1276 3016 1369 3062; x_wconf 87' lang='lat' dir='ltr'>crea-</span> 
     </span>
     <span class='ocr_line' id='line_1_23' title="bbox 170 3098 1370 3186; baseline 0.005 -26"><span class='ocrx_word' id='word_1_185' title='bbox 170 3101 268 3162; x_wconf 84' lang='lat' dir='ltr'>turae</span> <span class='ocrx_word' id='word_1_186' title='bbox 286 3098 486 3166; x_wconf 88' lang='lat' dir='ltr'>intellectus</span> <span class='ocrx_word' id='word_1_187' title='bbox 503 3102 712 3186; x_wconf 85' lang='lat' dir='ltr'>assequitur.</span> <span class='ocrx_word' id='word_1_188' title='bbox 742 3100 843 3167; x_wconf 87' lang='lat' dir='ltr'>Dixit</span> <span class='ocrx_word' id='word_1_189' title='bbox 859 3121 939 3186; x_wconf 85' lang='lat' dir='ltr'>ergo</span> <span class='ocrx_word' id='word_1_190' title='bbox 958 3100 1080 3173; x_wconf 86' lang='lat' dir='ltr'>doctor</span> <span class='ocrx_word' id='word_1_191' title='bbox 1097 3100 1173 3166; x_wconf 91' lang='lat' dir='ltr'>ille:</span> <span class='ocrx_word' id='word_1_192' title='bbox 1197 3099 1273 3185; x_wconf 86' lang='lat' dir='ltr'>Ego</span> <span class='ocrx_word' id='word_1_193' title='bbox 1291 3100 1370 3166; x_wconf 89' lang='lat' dir='ltr'>hac-</span> 
     </span>
     <span class='ocr_line' id='line_1_24' title="bbox 171 3200 1368 3286; baseline 0.004 -22"><span class='ocrx_word' id='word_1_194' title='bbox 171 3203 273 3265; x_wconf 89' lang='lat' dir='ltr'>tenus</span> <span class='ocrx_word' id='word_1_195' title='bbox 295 3200 400 3266; x_wconf 88' lang='lat' dir='ltr'>talem</span> <span class='ocrx_word' id='word_1_196' title='bbox 422 3203 604 3269; x_wconf 90' lang='lat' dir='ltr'>scientiam</span> <span class='ocrx_word' id='word_1_197' title='bbox 626 3225 690 3269; x_wconf 90' lang='lat' dir='ltr'>nec</span> <span class='ocrx_word' id='word_1_198' title='bbox 713 3209 919 3269; x_wconf 90' lang='lat' dir='ltr'>consecutus</span> <span class='ocrx_word' id='word_1_199' title='bbox 944 3224 1019 3267; x_wconf 92' lang='lat' dir='ltr'>sum</span> <span class='ocrx_word' id='word_1_200' title='bbox 1044 3223 1109 3269; x_wconf 90' lang='lat' dir='ltr'>nec</span> <span class='ocrx_word' id='word_1_201' title='bbox 1133 3201 1263 3268; x_wconf 85' lang='lat' dir='ltr'>audivi:</span> <span class='ocrx_word' id='word_1_202' title='bbox 1290 3204 1368 3286; x_wconf 92' lang='lat' dir='ltr'>quis</span> 
     </span>
     <span class='ocr_line' id='line_1_25' title="bbox 171 3302 748 3390; baseline 0.009 -25"><span class='ocrx_word' id='word_1_203' title='bbox 171 3302 321 3385; x_wconf 87' lang='lat' dir='ltr'>tandem,</span> <span class='ocrx_word' id='word_1_204' title='bbox 339 3310 452 3388; x_wconf 87' lang='lat' dir='ltr'>putas,</span> <span class='ocrx_word' id='word_1_205' title='bbox 468 3326 555 3390; x_wconf 89' lang='lat' dir='ltr'>puer</span> <span class='ocrx_word' id='word_1_206' title='bbox 572 3307 639 3371; x_wconf 90' lang='lat' dir='ltr'>iste</span> <span class='ocrx_word' id='word_1_207' title='bbox 658 3304 748 3372; x_wconf 80' lang='lat' dir='ltr'>erit?</span> 
     </span>
    </p>
   </div>
   <div class='ocr_carea' id='block_1_5' title="bbox 666 3525 868 3592">
    <p class='ocr_par' dir='ltr' id='par_1_5' title="bbox 666 3525 868 3592">
     <span class='ocr_line' id='line_1_26' title="bbox 666 3525 868 3592; baseline -0.02 0"><span class='ocrx_word' id='word_1_208' title='bbox 666 3525 787 3592; x_wconf 73' lang='lat' dir='ltr'>Carus</span> <span class='ocrx_word' id='word_1_209' title='bbox 809 3525 868 3590; x_wconf 89' lang='lat' dir='ltr'>LI.</span> 
     </span>
    </p>
   </div>
   <div class='ocr_carea' id='block_1_6' title="bbox 167 3694 1368 4305">
    <p class='ocr_par' dir='ltr' id='par_1_6' title="bbox 167 3694 1368 4305">
     <span class='ocr_line' id='line_1_27' title="bbox 256 3694 1368 3781; baseline 0 -19"><span class='ocrx_word' id='word_1_210' title='bbox 256 3694 412 3780; x_wconf 78' lang='lat' dir='ltr'>Cumque</span> <span class='ocrx_word' id='word_1_211' title='bbox 436 3696 574 3763; x_wconf 89' lang='lat' dir='ltr'>adesset</span> <span class='ocrx_word' id='word_1_212' title='bbox 597 3696 727 3763; x_wconf 92' lang='lat' dir='ltr'>ibidem</span> <span class='ocrx_word' id='word_1_213' title='bbox 750 3695 996 3781; x_wconf 89' lang='lat' dir='ltr'>philosophus,</span> <span class='ocrx_word' id='word_1_214' title='bbox 1022 3696 1255 3763; x_wconf 89' lang='lat' dir='ltr'>astronomiae</span> <span class='ocrx_word' id='word_1_215' title='bbox 1277 3697 1368 3780; x_wconf 89' lang='lat' dir='ltr'>peri·</span> 
     </span>
     <span class='ocr_line' id='line_1_28' title="bbox 169 3799 1366 3884; baseline 0.004 -23"><span class='ocrx_word' id='word_1_216' title='bbox 169 3801 236 3880; x_wconf 90' lang='lat' dir='ltr'>tus,</span> <span class='ocrx_word' id='word_1_217' title='bbox 254 3805 480 3884; x_wconf 83' lang='lat' dir='ltr'>rogassetque</span> <span class='ocrx_word' id='word_1_218' title='bbox 492 3799 668 3866; x_wconf 93' lang='lat' dir='ltr'>dominum</span> <span class='ocrx_word' id='word_1_219' title='bbox 684 3800 802 3866; x_wconf 86' lang='lat' dir='ltr'>Iesum</span> <span class='ocrx_word' id='word_1_220' title='bbox 819 3822 901 3866; x_wconf 90' lang='lat' dir='ltr'>num</span> <span class='ocrx_word' id='word_1_221' title='bbox 918 3801 1150 3866; x_wconf 88' lang='lat' dir='ltr'>astronomiae</span> <span class='ocrx_word' id='word_1_222' title='bbox 1162 3800 1366 3883; x_wconf 87' lang='lat' dir='ltr'>studuisset,</span> 
     </span>
     <span class='ocr_line' id='line_1_29' title="bbox 169 3903 1364 3990; baseline 0.005 -26"><span class='ocrx_word' id='word_1_223' title='bbox 169 3903 349 3986; x_wconf 89' lang='lat' dir='ltr'>respondit</span> <span class='ocrx_word' id='word_1_224' title='bbox 364 3905 395 3968; x_wconf 91' lang='lat' dir='ltr'>ci</span> <span class='ocrx_word' id='word_1_225' title='bbox 407 3904 565 3970; x_wconf 90' lang='lat' dir='ltr'>dominus</span> <span class='ocrx_word' id='word_1_226' title='bbox 576 3904 677 3971; x_wconf 89' lang='lat' dir='ltr'>Iesus</span> <span class='ocrx_word' id='word_1_227' title='bbox 695 3905 923 3990; x_wconf 87' lang='lat' dir='ltr'>exposuitque</span> <span class='ocrx_word' id='word_1_228' title='bbox 940 3925 1122 3969; x_wconf 89' lang='lat' dir='ltr'>numerum</span> <span class='ocrx_word' id='word_1_229' title='bbox 1139 3905 1364 3989; x_wconf 89' lang='lat' dir='ltr'>sphaerarum</span> 
     </span>
     <span class='ocr_line' id='line_1_30' title="bbox 168 4009 1364 4094; baseline 0.002 -23"><span class='ocrx_word' id='word_1_230' title='bbox 168 4011 407 4091; x_wconf 92' lang='lat' dir='ltr'>etcorporum</span> <span class='ocrx_word' id='word_1_231' title='bbox 434 4010 652 4094; x_wconf 84' lang='lat' dir='ltr'>caelestium,</span> <span class='ocrx_word' id='word_1_232' title='bbox 684 4030 872 4093; x_wconf 88' lang='lat' dir='ltr'>eorumque</span> <span class='ocrx_word' id='word_1_233' title='bbox 899 4014 1042 4074; x_wconf 88' lang='lat' dir='ltr'>naturas</span> <span class='ocrx_word' id='word_1_234' title='bbox 1071 4015 1107 4074; x_wconf 88' lang='lat' dir='ltr'>et</span> <span class='ocrx_word' id='word_1_235' title='bbox 1132 4009 1364 4092; x_wconf 90' lang='lat' dir='ltr'>operationes,</span> 
     </span>
     <span class='ocr_line' id='line_1_31' title="bbox 167 4111 1363 4198; baseline 0.003 -24"><span class='ocrx_word' id='word_1_236' title='bbox 167 4112 435 4196; x_wconf 90' lang='lat' dir='ltr'>oppositionem,</span> <span class='ocrx_word' id='word_1_237' title='bbox 458 4119 637 4198; x_wconf 88' lang='lat' dir='ltr'>aspectum</span> <span class='ocrx_word' id='word_1_238' title='bbox 659 4114 884 4198; x_wconf 90' lang='lat' dir='ltr'>triquetrum,</span> <span class='ocrx_word' id='word_1_239' title='bbox 909 4113 1116 4197; x_wconf 87' lang='lat' dir='ltr'>quadratum</span> <span class='ocrx_word' id='word_1_240' title='bbox 1139 4118 1174 4178; x_wconf 90' lang='lat' dir='ltr'>et</span> <span class='ocrx_word' id='word_1_241' title='bbox 1195 4111 1363 4192; x_wconf 87' lang='lat' dir='ltr'>sextilem,</span> 
     </span>
     <span class='ocr_line' id='line_1_32' title="bbox 168 4216 1365 4305; baseline 0.001 -26"><span class='ocrx_word' id='word_1_242' title='bbox 168 4234 306 4282; x_wconf 89' lang='lat' dir='ltr'>cursum</span> <span class='ocrx_word' id='word_1_243' title='bbox 337 4217 507 4284; x_wconf 90' lang='lat' dir='ltr'>directum</span> <span class='ocrx_word' id='word_1_244' title='bbox 540 4218 729 4285; x_wconf 90' lang='lat' dir='ltr'>eorundem</span> <span class='ocrx_word' id='word_1_245' title='bbox 761 4225 796 4286; x_wconf 92' lang='lat' dir='ltr'>et</span> <span class='ocrx_word' id='word_1_246' title='bbox 825 4217 1175 4305; x_wconf 84' lang='lat' dir='ltr'>retrogradationem,</span> <span class='ocrx_word' id='word_1_247' title='bbox 1212 4216 1365 4301; x_wconf 86' lang='lat' dir='ltr'>scripula</span> 
     </span>
    </p>
   </div>
   <div class='ocr_carea' id='block_1_7' title="bbox 166 4319 1479 4416">
    <p class='ocr_par' dir='ltr' id='par_1_7' title="bbox 166 4319 1479 4416">
     <span class='ocr_line' id='line_1_33' title="bbox 166 4319 1479 4416; baseline 0.003 -31"><span class='ocrx_word' id='word_1_248' title='bbox 166 4319 468 4408; x_wconf 85' lang='lat' dir='ltr'>scripulorumque</span> <span class='ocrx_word' id='word_1_249' title='bbox 500 4325 747 4410; x_wconf 77' lang='lat' dir='ltr'>sexagesimae,</span> <span class='ocrx_word' id='word_1_250' title='bbox 778 4324 917 4410; x_wconf 85' lang='lat' dir='ltr'>aliaque</span> <span class='ocrx_word' id='word_1_251' title='bbox 944 4346 1032 4410; x_wconf 90' lang='lat' dir='ltr'>quae</span> <span class='ocrx_word' id='word_1_252' title='bbox 1058 4324 1148 4391; x_wconf 92' lang='lat' dir='ltr'>ratio</span> <span class='ocrx_word' id='word_1_253' title='bbox 1174 4347 1241 4392; x_wconf 91' lang='lat' dir='ltr'>non</span> <span class='ocrx_word' id='word_1_254' title='bbox 1273 4343 1366 4391; x_wconf 87' lang='lat' dir='ltr'>asse·</span> <span class='ocrx_word' id='word_1_255' title='bbox 1475 4409 1479 4416; x_wconf 21' lang='lat' dir='ltr'>y</span> 
     </span>
    </p>
   </div>
   <div class='ocr_carea' id='block_1_8' title="bbox 159 4392 296 4520">
    <p class='ocr_par' dir='ltr' id='par_1_8' title="bbox 159 4392 296 4520">
     <span class='ocr_line' id='line_1_34' title="bbox 159 4392 296 4520; baseline 0.007 -31"><span class='ocrx_word' id='word_1_256' title='bbox 159 4392 296 4520; x_wconf 37' lang='lat' dir='ltr'>liquitur.</span> 
     </span>
    </p>
   </div>
   <div class='ocr_carea' id='block_1_9' title="bbox 153 4630 1347 4794">
    <p class='ocr_par' dir='ltr' id='par_1_9' title="bbox 153 4630 1347 4794">
     <span class='ocr_line' id='line_1_35' title="bbox 153 4630 925 4706; baseline 0.006 -20"><span class='ocrx_word' id='word_1_257' title='bbox 153 4630 156 4643; x_wconf 70' lang='lat'>⁴</span> <span class='ocrx_word' id='word_1_258' title='bbox 236 4638 280 4687; x_wconf 84' lang='lat' dir='ltr'>Ll.</span> <span class='ocrx_word' id='word_1_259' title='bbox 299 4655 398 4689; x_wconf 71' lang='lat' dir='ltr'>curarem</span> <span class='ocrx_word' id='word_1_260' title='bbox 410 4641 548 4690; x_wconf 80' lang='lat' dir='ltr'>directum:</span> <span class='ocrx_word' id='word_1_261' title='bbox 560 4641 599 4690; x_wconf 78' lang='lat' dir='ltr'>its</span> <span class='ocrx_word' id='word_1_262' title='bbox 613 4640 652 4690; x_wconf 73' lang='lat' dir='ltr'>Fi.</span> <span class='ocrx_word' id='word_1_263' title='bbox 665 4657 712 4706; x_wconf 89' lang='lat' dir='ltr'>pro</span> <span class='ocrx_word' id='word_1_264' title='bbox 722 4642 925 4706; x_wconf 73' lang='lat' dir='ltr'>proyrmioaem</span> 
     </span>
     <span class='ocr_line' id='line_1_36' title="bbox 235 4724 1347 4794; baseline 0.002 -22.863"><span class='ocrx_word' id='word_1_265' title='bbox 235 4724 350 4788; x_wconf 74' lang='lat' dir='ltr'>scripulo</span> <span class='ocrx_word' id='word_1_266' title='bbox 363 4742 412 4775; x_wconf 77' lang='lat' dir='ltr'>ror.</span> <span class='ocrx_word' id='word_1_267' title='bbox 425 4727 607 4791; x_wconf 69' lang='lat' dir='ltr'>receperimus:</span> <span class='ocrx_word' id='word_1_268' title='bbox 619 4726 659 4777; x_wconf 85' lang='lat' dir='ltr'>its</span> <span class='ocrx_word' id='word_1_269' title='bbox 673 4727 711 4776; x_wconf 76' lang='lat' dir='ltr'>rt.</span> <span class='ocrx_word' id='word_1_270' title='bbox 724 4743 771 4792; x_wconf 91' lang='lat' dir='ltr'>pro</span> <span class='ocrx_word' id='word_1_271' title='bbox 785 4733 925 4792; x_wconf 75' lang='lat' dir='ltr'>computum</span> <span class='ocrx_word' id='word_1_272' title='bbox 936 4727 1042 4794; x_wconf 74' lang='lat' dir='ltr'>denique</span> <span class='ocrx_word' id='word_1_273' title='bbox 1055 4731 1080 4779; x_wconf 81' lang='lat' dir='ltr'>et</span> <span class='ocrx_word' id='word_1_274' title='bbox 1087 4725 1347 4794; x_wconf 70' lang='lat' dir='ltr'>propaortiootioaem</span> 
     </span>
    </p>
   </div>
   <div class='ocr_carea' id='block_1_10' title="bbox 0 0 1734 5640">
    <p class='ocr_par' dir='ltr' id='par_1_10' title="bbox 0 0 1734 5640">
     <span class='ocr_line' id='line_1_37' title="bbox 0 0 1734 5640; baseline 0 5"><span class='ocrx_word' id='word_1_275' title='bbox 0 0 1734 5640; x_wconf 95' lang='lat' dir='ltr'> </span> 
     </span>
    </p>
   </div>
  </div>
 </body>
</html>
