3458 5640
163 603 167 617 ‘
253 605 340 652 mv
636 597 640 605 ’
718 589 989 641 Paeaneoueuu.

254 741 492 825 Fragmentum
521 739 754 806 Parisiense
786 759 827 804 ex
854 736 1021 806 Cotelerio
1053 746 1087 804 et
1118 736 1272 818 Thilone,
1303 736 1450 806 Vindo-

255 853 429 920 bonense
453 874 493 918 ex
512 852 692 918 Lambecio
716 852 901 917 sumsimus.

340 963 393 1031 De
422 964 558 1050 singulis
586 964 667 1030 locis
694 965 846 1048 inpm'mis
874 963 1111 1028 illustravimus
1138 963 1247 1028 locum
1274 968 1308 1028 et
1329 961 1451 1046 gravis-

216 1100 240 1170 J
256 1079 373 1144 simum
397 1083 431 1143 et
452 1078 699 1174 vexatissimum
722 1075 784 1162 VI,
806 1081 835 1143 4.
896 1149 897 1152 Ἴ

301 1225 302 1228 ¹
340 1188 507 1275 Textum
530 1210 674 1272 graece
696 1189 727 1255 B
756 1188 916 1256 edidimus
943 1210 982 1255 ex
1006 1188 1121 1254 codice
1142 1188 1378 1253 monachorum
1401 1183 1452 1252 Si·

253 1301 465 1384 noricorum,
493 1299 581 1383 apud
608 1301 791 1384 quosdam
819 1306 896 1366 ante
923 1301 984 1365 hos
1012 1305 1088 1364 octo
1115 1320 1218 1365 annos
1240 1297 1452 1363 versabamur

252 1410 316 1476 hoc
347 1410 552 1495 σύγγραμμα
583 1409 816 1492 descripsimus
828 1411 863 1492 ¹).
913 1408 1026 1497 Codex
1058 1414 1109 1473 est
1139 1409 1349 1489 chartaceus,
1381 1426 1451 1470 sae-

197 1549 199 1554 ·
255 1519 320 1584 culi
342 1519 443 1587 XIV.
466 1518 517 1583 vel
539 1517 629 1600 XV.
651 1519 747 1601 plura
770 1518 810 1582 de
834 1518 867 1584 S.
881 1518 1031 1582 Antonio
1056 1518 1238 1581 continens.

337 1629 492 1712 Denique
520 1629 621 1694 tertio
649 1629 721 1694 loco
747 1630 845 1712 primi
876 1628 1038 1694 edidimus
1070 1627 1321 1710 evangelium
1348 1627 1451 1692 Tho·

253 1763 337 1808 mae
359 1741 531 1808 latinum
554 1760 594 1806 ex
608 1740 773 1810 Vaticano
792 1740 913 1823 codice,
935 1741 1106 1806 notatione
1122 1739 1263 1823 quadam
1278 1739 1450 1822 synoptica

253 1875 294 1920 ex
321 1852 459 1936 reliquis
486 1853 612 1937 graecis
640 1858 674 1919 et
699 1852 813 1920 latinie'
841 1852 961 1919 libellis
990 1853 1148 1939 appositu.
1194 1849 1269 1938 Quo
1299 1853 1334 1916 in
1364 1850 1447 1917 libro

252 1965 465 2032 memorabile
502 1971 555 2032 est
585 1986 605 2031 a
634 1965 737 2031 latino
776 1965 988 2049 compilatore
1024 1965 1076 2031 vel
1112 1967 1293 2048 interprete
1330 1985 1450 2029 nomen

253 2076 401 2154 Thomee
426 2083 465 2142 ut
492 2078 636 2143 auctoris
659 2083 825 2143 servatum
848 2097 928 2144 esse.
972 2076 1165 2143 Cuiusmodi
1188 2076 1334 2141 nondum
1356 2076 1449 2140 inuo-

253 2189 318 2255 tuit
332 2194 468 2272 praeter
485 2188 630 2263 codicem
646 2188 777 2271 collegii
791 2186 1016 2253 Mertonensis
1034 2209 1120 2252 num.
1140 2189 1196 2269 13„
1219 2188 1313 2251 cuius
1327 2188 1450 2252 mentio

254 2300 292 2366 fit
323 2302 357 2366 in
389 2299 539 2383 catalogo
571 2298 730 2365 librorum
760 2320 834 2364 mss.
866 2298 1009 2382 Angliae
1041 2305 1074 2364 et
1104 2298 1288 2363 Hiberniae
1323 2303 1401 2363 tom.
1424 2297 1451 2363 Ι.

227 2455 230 2461 -
252 2417 348 2496 parte
370 2413 399 2476 2.
427 2432 499 2495 pag.
525 2412 574 2477 13.
619 2410 685 2479 Sed
706 2411 742 2476 in
764 2411 827 2477 hoc
851 2410 1002 2495 catalogo
1025 2417 1154 2477 tentum
1183 2409 1217 2474 id
1239 2414 1375 2476 notatur
1397 2430 1450 2475 ex-

253 2529 342 2589 stare
372 2522 419 2587 ibi
451 2523 552 2588 latine
583 2522 769 2606 „Thomam
800 2522 1041 2604 Ismaelitam2)
1075 2521 1115 2587 de
1146 2520 1286 2588 infantia
1316 2519 1450 2588 Christi.

251 2632 406 2719 Imperi‘i
450 2633 499 2700 Ol.
522 2634 608 2700 'ruia
632 2633 713 2701 eod.
737 2655 847 2718 apocr.
876 2655 950 2719 pag.
973 2631 1080 2702 CXV.

337 2745 519 2813 Praeterea
546 2746 645 2812 alium
673 2747 814 2812 latinum
837 2746 999 2830 evangelii
1021 2745 1167 2811 Thomae
1190 2751 1317 2811 textum
1340 2745 1449 2813 detexi

251 2857 412 2923 latentem
434 2857 468 2920 in
490 2856 578 2921 foliis
600 2857 859 2921 membranaceis
881 2857 1103 2939 palimpsestis
1125 2856 1346 2922 bibliothecae
1366 2856 1449 2923 Cae·

181 3001 197 3043 „1
253 2988 366 3034 aereae
388 2964 673 3050 Vindobonensis‚
702 2988 787 3049 quae
808 2968 923 3049 lquinti
951 2967 1019 3031 fere
1046 2967 1171 3032 saeculi
1192 2968 1341 3050 putanda
1364 2974 1449 3032 sunt.

160 3062 187 3123 '-
224 3110 227 3118 ·
254 3076 435 3146 Oculorum
448 3077 635 3147 valetudine
652 3076 790 3143 affectus
810 3099 917 3160 pauca
938 3083 1067 3142 tantum
1090 3078 1163 3161 legi,
1185 3077 1242 3143 sed
1258 3078 1450 3160 dignissime

253 3209 338 3272 quae
354 3187 398 3253 ad
413 3208 549 3253 examen
565 3188 726 3271 evangelii
741 3187 890 3253 Thomas
907 3189 1058 3253 criticum
1075 3188 1302 3254 adhibeantur.
1333 3188 1452 3254 Potest

254 3321 294 3366 ex
316 3301 357 3367 iis
380 3298 480 3384 effici,
504 3300 771 3383 antiquissimum
792 3300 880 3365 hunc
901 3299 1042 3367 latinum
1065 3308 1193 3366 textum
1215 3301 1353 3385 propius
1376 3301 1450 3366 reli-

254 3413 328 3496 quis
358 3413 482 3505 nostris
514 3411 665 3478 omnibus
697 3410 739 3478 ad
769 3417 864 3478 vetus
893 3432 1047 3496 graecum
1080 3412 1249 3495 exemplar
1285 3413 1452 3479 accedere.

253 3524 339 3594 Sunt
361 3531 471 3589 autem
493 3524 589 3589 haec:

297 3643 330 3718 a)
361 3633 512 3700 Infantes
534 3634 666 3718 plurimi
688 3633 846 3699 ludebant
869 3655 942 3699 cum
965 3655 1014 3699 eo.
1057 3633 1105 3699 Et
1127 3655 1200 3698 cum
1219 3634 1355 3700 vidisset
1376 3656 1450 3700 eum

362 3745 498 3831 quidam
519 3745 665 3815 Iudaeus
689 3767 762 3811 cum
784 3745 966 3811 infantibus
988 3746 1072 3812 haec
1094 3745 1277 3829 facientem,
1300 3748 1451 3829 pervenit

362 3858 404 3925 ad
426 3848 546 3944 Ioseph
568 3864 697 3942 patrem
719 3896 758 3910 -·
781 3857 829 3925 cf.
846 3879 956 3943 evang.
973 3857 1089 3924 Thom.
1112 3879 1230 3943 graece
1252 3859 1287 3924 A
1309 3858 1400 3943 11‚a
1422 3861 1451 3925 3.

362 3962 448 4056 ἧσαμ
481 3973 518 4036 δὲ
550 3976 599 4035 καὶ
631 3970 724 4035 ἅλλα
752 3973 871 4036 merdin
888 3969 1025 4035 monae
1052 3974 1223 4056 ωαῐςομτα
1252 3969 1312 4056 culp
1341 3967 1449 4057 αὐτῷ.

353 4082 450 4166 *timp
481 4084 518 4145 δέ
544 4106 599 4145 rur
623 4082 790 4147 Ἰουδαῖοσ
817 4082 840 4144 ἃ
868 4085 979 4146 {molet
1010 4079 1183 4147 ὂἸΗσοῦσ
1215 4085 1251 4167 ἐμ
1285 4082 1447 4164 oussssdrcp

339 4319 363 4383 1)
388 4319 429 4372 cf.
448 4321 649 4370 Rechenecbeft
672 4321 739 4386 iiber
761 4323 848 4371 meine
871 4319 1135 4371 bendschriftlichen
1155 4319 1269 4369 Studien
1287 4322 1336 4370 sul
1351 4323 1452 4371 melnen

252 4405 534 4457 wissenschaftliebeu
548 4405 626 4455 Reice
644 4420 697 4454 von
717 4405 784 4454 1840
797 4404 839 4454 bie
853 4405 930 4455 1844.
953 4403 1062 4454 Wiener
1074 4404 1185 4454 Jahrbb.
1199 4404 1274 4454 1846.
1292 4404 1342 4455 Bd.
1356 4403 1448 4453 CXIV.

251 4490 444 4555 anzeigeblett
462 4505 522 4555 pag.
534 4491 576 4541 46.

337 4571 361 4640 ¹)
379 4576 534 4641 Lugendum
553 4581 596 4627 est
613 4575 771 4640 israelitem.
809 4574 849 4625 Cf.
867 4575 939 4625 iufra
961 4591 1020 4641 pag.
1040 4575 1098 4626 158.
1117 4576 1165 4625 sub
1184 4574 1230 4626 lv.
1249 4579 1278 4626 et
1301 4592 1362 4642 pag.
1383 4579 1452 4636 170„

251 4665 298 4715 ubi
316 4663 357 4714 bie
375 4662 447 4714 idem
465 4664 613 4729 scriptume
632 4663 726 4716 vitium
745 4677 775 4714 ex
795 4667 887 4714 nostro
907 4662 1001 4714 codice
1019 4662 1206 4713 iudicavimus.
