3458 5640
610 594 777 646 merosus
797 595 948 646 inserar.
974 594 1047 645 cnr.
1065 593 1134 643 ππ.
1154 582 1209 643 x'x.
1448 587 1506 654 131

312 748 427 810 autern
443 749 554 808 mater
569 765 660 824 mea,
684 745 778 828 virgo
796 744 948 827 illibata,
972 749 1008 810 et
1027 743 1198 809 accedens
1215 742 1328 808 adme
1345 741 1446 807 dixit:
1478 739 1508 808 Ο

312 851 358 915 mi
380 850 428 915 fili
452 849 596 934 dilecte,
620 851 758 917 iamiam
779 853 926 919 moritur
945 851 1002 916 hie
1024 850 1102 935 pius
1126 870 1233 917 senex
1248 848 1432 934 Iosephus.
1462 845 1512 913 Et

312 956 476 1041 respondi
503 980 582 1042 ego:
630 955 659 1024 Ο
686 963 797 1023 meter
821 979 897 1023 mea
921 956 1171 1039 amantissima,
1200 957 1322 1041 utique
1349 952 1509 1022 omnibus

313 1063 497 1145 creaturis,
524 1083 613 1147 quae
636 1062 671 1126 in
697 1061 913 1128 boemundo
939 1068 1166 1148 generantur,
1193 1061 1314 1128 eadem
1339 1057 1512 1126 incumbit

312 1166 483 1233 moriendi
500 1167 706 1232 necessitas:
724 1189 815 1233 mors
833 1168 976 1233 enimin
993 1168 1191 1232 universum
1202 1187 1311 1251 genus
1322 1164 1510 1231 humanum

313 1273 366 1336 ius
387 1270 533 1335 obtinet.
564 1270 644 1335 Tibi
663 1271 782 1352 etiam,
806 1292 824 1334 0
846 1277 955 1335 mater
970 1292 1046 1336 mea
1061 1271 1171 1354 virgo,
1193 1270 1285 1335 idem
1306 1291 1346 1334 ae
1363 1267 1510 1352 reliquis

312 1373 518 1439 mortalibus
535 1373 625 1437 vitae
652 1375 766 1438 exitus
783 1372 1019 1456 expectandus
1042 1379 1105 1437 est.
1136 1371 1303 1437 Attamen
1325 1393 1417 1436 mors
1438 1377 1509 1451 tua,

313 1483 352 1541 ut
367 1480 403 1541 et
418 1497 510 1540 mors
528 1475 631 1540 huius
648 1476 712 1559 pii,
735 1498 827 1541 mors
845 1497 914 1540 non
932 1482 985 1540 est
1001 1475 1062 1540 sed
1078 1476 1149 1540 vita
1164 1474 1329 1559 perennis
1349 1474 1385 1539 in
1402 1479 1511 1539 aeter·

313 1599 404 1643 num.
445 1576 539 1661 Quin
566 1584 705 1662 eportet
730 1580 834 1644 etiam
859 1599 912 1642 me
939 1579 1046 1643 emori
1072 1599 1141 1662 qua
1166 1598 1290 1661 corpus
1313 1576 1406 1661 qued
1430 1599 1451 1642 a
1474 1581 1509 1641 te

314 1681 463 1764 suscepi.
494 1681 626 1748 Verum
643 1703 762 1766 surge,
785 1704 803 1747 ο
821 1687 931 1747 mater
946 1702 1023 1746 moa
1040 1680 1253 1762 veneranda,
1276 1681 1326 1746 ito
1348 1685 1385 1747 et
1398 1680 1512 1764 ingre·

314 1784 396 1849 dere
413 1784 457 1849 ad
473 1783 664 1869 Iosephum
680 1804 798 1850 senem
815 1783 1054 1865 benedictum,
1078 1789 1117 1849 ut
1132 1783 1250 1849 videas
1268 1783 1352 1866 quid
1369 1782 1512 1849 adscen-

315 1886 418 1952 dente
436 1887 491 1971 (de
509 1909 654 1970 corpore
671 1888 797 1972 anima)
816 1888 890 1952 eius
908 1889 1129 1971 contingetb.

784 2074 905 2141 Gerar
932 2073 1039 2140 XIX.

400 2209 511 2296 Ibat')
528 2210 964 2294 igiturMarialnatermea
975 2233 1063 2296 pura
1079 2209 1513 2295 otingrediebaturleeum

317 2312 378 2378 nbi
395 2320 469 2379 erat
484 2313 666 2398 Iosephus.
698 2312 818 2399 Atque
842 2336 904 2399 ego
927 2315 971 2380 ad
987 2314 1094 2398 pedes
1118 2313 1193 2379 eius
1210 2312 1390 2395 sedebam,
1413 2312 1513 2378 illum

317 2417 524 2502 respiciens3
542 2417 642 2501 signa
656 2439 736 2483 vero
754 2418 875 2484 mertis
892 2418 960 2483 iam
977 2439 1169 2502 apparuere
1185 2417 1222 2482 in
1238 2416 1336 2482 vultu
1354 2403 1439 2482 eius.
1462 2412 1514 2480 At

316 2541 421 2586 senex
445 2519 505 2586 ille
530 2521 738 2588 benedictus
765 2522 878 2588 levate
904 2520 1017 2606 capite
1043 2527 1079 2586 et
1103 2520 1224 2587 defixis
1250 2519 1362 2587 oculis
1387 2518 1512 2601 faeiem

316 2645 425 2689 meam
446 2624 663 2690 intuebatur:
686 2624 784 2691 nulla
804 2632 921 2690 tamen
943 2647 995 2691 me
1018 2624 1222 2709 alloquendi
1242 2623 1311 2708 ipsi
1326 2624 1377 2689 vis
1398 2623 1515 2690 inerat

316 2727 358 2793 ob
381 2729 504 2794 mortis
522 2730 580 2813 qui
605 2751 681 2794 eum
705 2730 974 2814 circumseptum
996 2730 1112 2794 tenuit
1127 2728 1298 2809 delorem3
1320 2726 1382 2793 sed
1402 2725 1514 2794 multa

315 2832 477 2900 trahebat
492 2835 653 2920 suspiria.
684 2835 760 2920 Ego
783 2840 897 2901 autom
915 2857 1037 2901 manus
1060 2834 1135 2900 eius
1151 2854 1214 2919 per
1229 2833 1333 2900 unius
1354 2832 1512 2918 integrae

315 2936 421 3005 horae
443 2938 593 3024 spatium
616 2941 727 3006 tenui:
754 2948 789 3007 et
810 2962 977 3007 conversa
997 2940 1057 3007 ille
1080 2940 1123 3006 ad
1146 2961 1200 3006 me
1222 2939 1311 3006 faeie
1333 2937 1514 3006 indicabat

317 3064 359 3108 ne
385 3044 498 3127 ipsum
522 3044 728 3111 desererem.
772 3045 944 3132 Imposita
966 3047 1131 3129 deinceps
1151 3046 1285 3130 pectori
1311 3045 1387 3111 eius
1408 3065 1512 3111 manu

317 3166 393 3211 mea
418 3146 633 3231 deprehendi
658 3150 806 3215 animam
832 3152 906 3217 eius
932 3152 1000 3217 ianr
1025 3150 1187 3216 lancibus
1206 3150 1354 3216 vicinam
1380 3149 1513 3216 abitum

317 3268 439 3330 parare
456 3250 498 3313 de
515 3271 578 3313 suo
595 3252 828 3333 receptaculo.

798 3436 919 3503 Onrur
941 3437 1040 3502 XX.'

401 3570 450 3636 Ut
469 3577 585 3637 autem
607 3572 789 3657 conspexit
808 3595 861 3639 me
885 3579 995 3638 mater
1014 3594 1091 3639 mes
1106 3574 1201 3657 virgo
1222 3578 1424 3656 tangentem
1441 3592 1513 3637 eor·

316 3694 380 3756 pus
392 3674 478 3754 eins,
495 3675 613 3758 tetigit
629 3681 664 3741 et
679 3675 869 3758 illapedes.
893 3676 1012 3761 Atque
1030 3677 1212 3742 inveniens
1228 3675 1309 3742 illos
1326 3675 1394 3740 iam
1405 3694 1512 3741 emor-

314 3781 394 3841 tuos
415 3782 451 3841 et
471 3776 585 3843 calore
609 3779 814 3862 destitutos,
838 3780 927 3846 dixit
948 3781 1047 3845 milri:
1081 3779 1110 3846 Ο
1133 3780 1249 3845 filimi
1271 3778 1414 3860 dilecte,
1435 3799 1513 3862 pro·

315 3879 406 3944 fecto
436 3880 611 3963 incipiunt
639 3882 706 3945 iam
732 3881 839 3964 pedes
866 3884 941 3948 eins
968 3883 1157 3969 frigescere
1184 3890 1219 3949 et
1244 3883 1332 3948 nivis
1359 3881 1512 3965 algorem

315 3981 505 4047 imitantur.
536 3983 688 4048 Proinde
712 3986 909 4050 convocatis
927 3986 1008 4050 filiis
1031 3991 1066 4051 et
1082 3984 1220 4051 filiabus
1243 3985 1319 4050 eius
1337 3984 1425 4050 dixit
1445 3984 1510 4050 eis:

314 4083 443 4153 Venite
466 4090 639 4168 quotquot
661 4087 746 4151 estis
769 4093 805 4151 et
824 4088 981 4153 accedite
1004 4089 1047 4152 ad
1068 4095 1202 4172 patrem
1224 4094 1391 4153 vestrum:
1417 4091 1511 4153 certe

317 4187 408 4253 enim
428 4188 471 4254 ad
493 4194 645 4255 extrema
666 4213 759 4256 nunc
779 4198 983 4275 perventum
1005 4196 1067 4257 est.
1098 4191 1297 4277 Respondit
1312 4189 1419 4258 Assia
1440 4190 1513 4257 filia
1538 4257 1544 4276 ,

317 4291 714 4379 eiuslIosephildieens:
731 4294 805 4363 Vae
822 4296 916 4380 mibi,
935 4297 1092 4362 efratres
1110 4297 1188 4380 mei,
1206 4297 1328 4381 utique
1346 4296 1403 4361 hie
1418 4295 1511 4363 idem

383 4507 411 4570 6)
429 4506 522 4574 Pergit
528 4507 627 4573 Zoega:
639 4507 712 4557 Haec
721 4508 906 4558 amoverem
911 4509 1011 4576 plorat,
1021 4525 1102 4559 reram
1111 4515 1234 4574 reputem
1243 4510 1438 4560 amaritudinem
1446 4524 1510 4561 mor·

318 4592 352 4641 ns
367 4597 391 4642 et
403 4594 466 4643 diem
478 4594 578 4659 wando
591 4594 683 4643 Iudaei
700 4610 754 4643 eam
766 4611 817 4658 pre
835 4595 918 4646 solute
935 4598 1013 4647 totius
1028 4597 1115 4646 mandi
1131 4597 1158 4644 in
1171 4613 1268 4647 aaran
1284 4602 1366 4647 essent
1377 4596 1510 4647 sublaturi.

319 4679 382 4728 Mox
393 4685 466 4729 necat
476 4684 581 4729 marran
592 4686 671 4729 sumit
1384 4687 1385 4690 ’

386 4764 414 4828 7)
433 4765 524 4831 Pergit
534 4766 632 4830 Zoegcz
647 4767 826 4831 cremansque
839 4769 892 4831 ipre
901 4768 936 4815 ad
946 4772 1031 4829 impul,
1045 4767 1094 4816 uls
1104 4769 1138 4817 ed
1145 4769 1225 4833 pedes
1235 4769 1336 4831 [erepti
1345 4770 1510 4833 agonizantis.

1264 4849 1298 4901 9·
