3458 5640
735 592 1006 645 raouroounus.
1032 556 1033 559 '
1434 611 1473 656 11

274 747 450 832 prehendit
478 747 534 832 qui
563 746 604 813 ad
632 753 788 830 parentes
815 745 893 812 Iesu
920 752 1021 831 atque
1048 746 1151 830 ipsius
1179 753 1302 832 ortum,
1333 748 1473 814 alterum

277 861 334 945 qui
352 860 393 927 ad
412 860 585 926 infantiam
607 861 687 944 eius,
709 860 845 925 tertium
864 859 921 944 qui
939 858 981 925 ad
1000 859 1069 925 fata
1087 859 1158 925 sius
1176 860 1295 926 ultima
1312 864 1473 944 spectant.

361 973 414 1038 Ac
431 977 567 1059 primum
584 972 715 1056 quidem
734 995 828 1060 praru
844 976 990 1055 quatuor
1013 972 1168 1038 editionis
1190 978 1325 1039 nostrae
1349 973 1475 1056 scripta

278 1085 516 1168 complectitur,
539 1083 891 1168 proterangelium
913 1083 1069 1164 Iucobi,
1092 1084 1473 1150 Pseudo-Matthaei

278 1195 541 1280 evangelium,
565 1195 815 1280 evangelium
839 1195 883 1260 de
907 1194 1133 1260 nativitate
1156 1195 1325 1277 Mariae,
1347 1195 1474 1261 histo·

277 1310 374 1374 riam
396 1307 562 1390 Iosephi
591 1306 699 1372 fabri
721 1306 899 1389 lignarii.
944 1305 986 1370 In
1008 1306 1059 1371 his
1082 1306 1257 1371 maximam
1279 1328 1392 1371 curam
1415 1306 1474 1370 im·

277 1418 448 1503 pendimus
465 1416 791 1484 Pseudo-Iacchi
814 1416 934 1483 libello.
979 1418 1119 1483 Praeter
1142 1416 1271 1483 codices
1293 1416 1381 1483 enim
1396 1416 1475 1483 Thi-

276 1531 362 1597 lonis
374 1535 524 1614 quatuor,
538 1529 667 1595 Birchii
682 1527 772 1610 duos,
788 1528 867 1595 item
882 1528 1120 1594 Fabricianum
1136 1534 1169 1594 et
1183 1527 1324 1595 Poetelli
1337 1533 1474 1613 textum,

277 1650 315 1711 ut
327 1643 687 1710 Pseudo-Eustathium
703 1641 849 1726 aliosque
865 1647 1082 1726 praeteream,
1105 1641 1316 1709 adhibuimus
1331 1649 1404 1709 octo
1421 1664 1474 1709 co-

278 1757 367 1825 dices
389 1781 410 1824 a
425 1757 566 1824 Thilons
589 1756 735 1823 nondum
757 1755 933 1822 adhibitos.
970 1755 1090 1840 Neque
1105 1778 1182 1822 vero
1203 1756 1284 1821 satis
1299 1756 1404 1822 visum
1425 1760 1476 1822 est

278 1892 318 1936 ex
343 1870 396 1935 hie
424 1869 591 1936 codicibus
617 1890 718 1934 unum
744 1890 825 1952 prae
854 1868 973 1934 ceteris
1000 1873 1265 1951 repraesentare,
1293 1867 1350 1933 sed
1376 1869 1475 1950 primi

280 2002 414 2063 operam
437 1979 585 2045 dedimus
613 1985 651 2044 ut
676 1983 804 2043 textum
834 1979 1113 2044 conformaremus
1136 1978 1177 2042 ad
1201 1979 1398 2061 optimorum
1420 1999 1474 2043 co·

280 2090 388 2155 dicum
424 2110 627 2155 consensum.
685 2089 790 2154 Porro
828 2087 1216 2154 Pseudo-Matthaei
1259 2088 1473 2170 evangelium,

282 2201 373 2266 cuius
399 2201 563 2284 posterior
589 2221 667 2283 pars
694 2199 759 2264 huc
786 2220 891 2283 usque
918 2198 1045 2264 inedita
1074 2204 1159 2282 erat,
1192 2197 1360 2264 ednobus
1387 2197 1474 2264 codi-

281 2312 373 2378 cibus
395 2311 515 2378 nostris
538 2310 707 2395 edidimus,
730 2310 889 2376 adhibitis
906 2310 1041 2393 insuper
1056 2307 1207 2375 Thilonis
1223 2308 1387 2375 subsidiis
1418 2307 1474 2374 Ad

281 2423 529 2510 evangelium
552 2422 596 2489 de
619 2423 842 2489 nativitate
865 2422 1020 2488 Mariae
1049 2422 1248 2489 contulimus
1271 2421 1411 2486 alterum
1434 2419 1474 2486 de

280 2537 446 2605 codicibus
467 2538 591 2603 nostris
614 2537 774 2622 evangeiii
797 2535 1126 2617 Pseudo-Matthaei,
1154 2557 1194 2602 ex
1218 2556 1283 2620 quo
1306 2533 1474 2601 Fabricia-

279 2673 356 2717 num
378 2655 507 2717 textum
529 2650 652 2735 passim
675 2650 849 2716 emendare
872 2647 1005 2715 licebat.
1048 2647 1214 2732 Iosephi
1240 2668 1317 2714 vero
1344 2646 1473 2713 histo·

279 2762 377 2830 riam
399 2762 539 2829 iuvimus
562 2763 709 2847 eoquod
733 2784 806 2827 cum
829 2761 1022 2845 fragmentis
1044 2761 1150 2846 coptis
1173 2764 1207 2826 et
1229 2758 1385 2826 sahidicis
1407 2759 1473 2825 iam

280 2876 427 2961 eZoega
449 2875 560 2942 allatis
583 2897 622 2941 ea
637 2897 721 2960 quae
742 2896 848 2959 nuper
863 2873 1044 2940 Dulaurier
1065 2896 1105 2940 ex
1126 2873 1240 2940 eodem
1258 2873 1349 2939 fonte
1363 2872 1475 2938 hausit

281 2988 515 3054 coniunximus.

360 3103 502 3166 ‘Alterum
530 3124 627 3187 penus
657 3100 864 3166 constituunt
900 3099 1101 3184 evangelii
1133 3097 1307 3165 Thomas
1339 3102 1474 3163 textus

282 3233 449 3297 graecus
470 3212 517 3295 A,
549 3212 628 3277 item
656 3216 794 3287 textus
822 3233 990 3296 graecus
1016 3211 1061 3292 B;
1093 3212 1346 3294 evangelium
1373 3208 1475 3277 Tho·

281 3345 362 3389 mae
384 3323 569 3402 latinum3
592 3323 842 3406 evangelium
866 3323 1066 3387 infantiae
1089 3308 1320 3387 ox'arabico
1338 3322 1474 3387 latine.

280 3432 322 3496 In
344 3433 397 3498 his
420 3431 482 3498 duo
505 3431 630 3497 inedita
652 3431 899 3515 publicavimus,
923 3453 1064 3514 quorum
1089 3431 1243 3513 alterum,
1271 3430 1474 3515 evangeiii

280 3540 451 3607 Thomae
475 3546 625 3606 textum
649 3563 848 3625 graecum,
880 3562 921 3606 ex
943 3540 1055 3607 codice
1078 3540 1317 3607 monachorum
1340 3539 1475 3607 Sinaiti-

280 3675 393 3719 corum
415 3652 490 3717 duni
514 3652 600 3736 apud
623 3673 680 3720 eos
702 3653 915 3719 versabamur
938 3652 1183 3737 descripsimus3
1205 3653 1375 3718 latinum
1398 3674 1474 3719 vero

280 3763 479 3848 evangelii
494 3763 668 3830 Thomas
685 3765 1013 3832 textumVaticano
1031 3765 1186 3830 debemus
1203 3765 1317 3830 codici.
1340 3765 1475 3832 Utrum·
1595 3832 1598 3837 ,

280 3876 342 3960 q'ue
365 3879 491 3942 textum
515 3876 726 3942 adnotatione
750 3876 867 3942 critica
890 3882 924 3942 et
946 3877 1118 3962 synoptico
1140 3877 1364 3942 instruximus.
1404 3876 1475 3941 Al·

280 3992 406 4053 terum
443 3987 645 4070 evangelii
682 3985 856 4053 Thomas
893 4008 1080 4073 graecum
1122 3992 1249 4053 textum
1287 3987 1475 4053 accuratius

280 4118 378 4179 quam
400 4097 567 4178 hucusque
591 4096 717 4162 factum
740 4103 813 4162 erat
835 4097 1001 4180 exegimus
1025 4097 1067 4162 ad
1090 4097 1303 4164 Dresdanum
1328 4096 1475 4162 codicem

281 4210 315 4273 st
335 4207 495 4272 lectiones
511 4207 740 4273 Bononienses
759 4230 780 4273 a
794 4207 1006 4292 Mingarellio
1029 4209 1222 4293 exscriptas,
1246 4188 1404 4273 adhibitis
1425 4207 1475 4271 in·

279 4340 377 4403 super
393 4319 588 4404 fragmentis
602 4318 848 4386 Parisicnsibus
870 4325 904 4385 et
917 4318 1242 4386 Vindobonensibus.
1260 4351 1264 4357 ·
1285 4319 1326 4384 In
1350 4318 1477 4384 edenda

278 4432 384 4499 latina
406 4431 605 4515 evangelii
628 4432 784 4499 arabici
811 4433 1093 4518 interpretatione,
1112 4433 1243 4519 egregie
1266 4431 1393 4498 adiuvit
1414 4451 1474 4498 nos

280 4546 405 4630 collega
428 4544 661 4611 celeberrimus
684 4545 909 4629 Fleischerus,
938 4547 1032 4613 cuius
1055 4545 1164 4612 studio
1188 4546 1216 4612 is
1239 4550 1349 4611 textus
1371 4544 1473 4610 multo

279 4680 367 4723 nunc
389 4658 591 4724 emendatior
613 4658 731 4742 prodit.
