3458 5640
208 552 209 555 ¹
283 588 370 635 xxiv
748 572 1019 627 recusoosrans.

283 728 370 786 runt
415 721 499 787 -Hoc
536 722 571 786 in
607 742 726 787 caussa
760 720 863 787 inisse
894 721 1023 788 videtur
1059 742 1117 786 eur
1152 724 1186 787 in
1217 721 1338 788 celebri
1370 723 1477 788 edicto

284 833 414 902 Gelasii
445 854 510 898 non
541 833 637 898 modo
668 835 853 920 mespelium
885 834 965 915 sire,
995 835 1093 899 utin
1121 835 1195 899 aliis
1224 833 1391 899 codicibus
1418 842 1478 917 est,

284 925 438 1030 wanqelia
464 949 582 1009 nomine
606 946 710 1010 Iocoti
736 951 770 1012 et
796 948 950 1032 eocayelio
977 950 1094 1010 nomine
1120 947 1268 1027 Ttomce,
1301 945 1358 1010 scd
1385 968 1478 1029 prae·

284 1061 376 1122 terea
403 1057 504 1122 etiam
531 1059 604 1122 liber
630 1061 667 1123 de
695 1061 827 1145 insontia
854 1059 1023 1125 Salvatorie
1045 1064 1146 1142 atque
1168 1058 1247 1124 item
1270 1059 1342 1123 liber
1364 1061 1400 1122 de
1421 1082 1477 1123 nc-

284 1172 395 1234 tivitotc
420 1171 590 1236 Salvatorie
611 1183 640 1236 et
660 1175 696 1235 dc
716 1170 826 1236 Maria
842 1173 895 1235 uel
915 1173 1066 1236 obstetrice
1090 1171 1126 1236 in
1148 1161 1344 1256 apocryphis
1366 1192 1478 1237 recen-

284 1283 444 1364 sentur1).
489 1280 583 1367 Quae
607 1283 771 1348 sententia
793 1282 953 1365 probatur
975 1283 1104 1347 ratione
1125 1282 1283 1347 librorum
1298 1282 1476 1347 latinorum

285 1392 341 1472 qui
364 1390 407 1455 nd
430 1397 572 1457 aetatem
594 1397 741 1458 nostram
757 1399 990 1474 pervenerunt:
1014 1414 1127 1456 eorum
1143 1394 1229 1457 enim
1244 1393 1354 1457 nullus
1370 1394 1476 1474 ipsum

283 1501 401 1566 Iacobi
425 1501 628 1583 evangelium
650 1505 804 1567 accurate
826 1523 956 1567 versum
978 1503 1137 1584 continet,
1166 1502 1223 1566 sed
1246 1500 1405 1567 eiusmodi
1428 1523 1477 1565 re·

284 1612 502 1676 tractationes
513 1632 598 1694 quae
613 1611 709 1676 modo
717 1612 814 1695 plura
830 1612 926 1677 modo
935 1613 1094 1695 pauciora
1106 1612 1392 1695 comprehendant,
1402 1612 1477 1676 aliis

284 1720 324 1786 de
348 1722 486 1787 consilio
511 1720 646 1806 additis,
673 1721 747 1788 aliis
770 1729 866 1788 cante
889 1721 1022 1804 demtis,
1048 1722 1123 1787 aliis
1145 1744 1204 1806 per
1226 1722 1332 1787 lusum
1354 1722 1477 1805 ingenii

285 1832 502 1917 exaggeratis,
517 1853 672 1917 graeosun
687 1839 813 1899 textum
828 1834 933 1920 magis
948 1834 1133 1900 imitatione
1150 1835 1367 1918 exprimentes
1377 1855 1477 1917 quam

284 1945 392 2027 ipsum
415 1943 599 2010 reddentes.

343 2126 347 2137 ,
371 2055 544 2141 Quadrant
563 2057 647 2123 haeo
666 2058 700 2122 in
716 2065 892 2142 utrumque
907 2056 1093 2124 libellorum
1108 2079 1195 2123 nuno
1210 2058 1317 2142 ipsum
1340 2080 1361 2123 a
1382 2056 1477 2122 nobis

286 2167 463 2250 editorum,
493 2189 631 2252 qnorum
658 2169 742 2235 alter
764 2168 871 2253 qualis
898 2190 985 2234 nunc
1011 2174 1063 2235 est
1089 2170 1230 2252 primum
1258 2175 1372 2233 nostra
1400 2190 1479 2233 cura

284 2278 403 2363 prodit,
426 2280 512 2346 alter
535 2279 657 2346 dudum
679 2302 700 2346 a
720 2280 869 2364 pluribus
892 2280 999 2345 editus
1021 2286 1078 2346 est.
1121 2278 1271 2345 Primum
1292 2281 1479 2344 accuratius

285 2390 325 2457 de
357 2389 414 2457 illo
445 2392 631 2477 videamus,
668 2415 764 2478 quem
797 2391 1203 2460 Pseudo-Matthaei.
1225 2392 1477 2476 evangelium

175 2518 183 2527 ’
284 2501 434 2570 diximus.
470 2504 592 2572 Priora
615 2507 684 2572 eius
703 2507 814 2591 capita
829 2506 946 2590 viginti
962 2511 1104 2591 quatuor
1126 2506 1193 2572 iam
1215 2510 1291 2572 ante
1313 2526 1365 2571 me
1379 2503 1477 2570 'Philo

285 2617 389 2684 edidit
416 2639 456 2684 ex
484 2618 596 2688 codice
617 2618 814 2702 Parisiensi‚
842 2619 934 2687 cuins
962 2605 1084 2685 mentio
1113 2619 1212 2685 etiam
1240 2617 1327 2702 apud
1350 2617 1479 2684 Ootele·

283 2730 405 2813 mamb
434 2730 524 2796 iacta
551 2737 613 2813 est,
644 2731 703 2796 sub
730 2731 828 2796 titulo
850 2731 1009 2796 historiae
1032 2730 1072 2796 de
1094 2732 1268 2796 nativitate
1290 2729 1422 2795 Mariae
1446 2737 1479 2795 ot

284 2840 324 2906 de
352 2841 494 2907 infantia
517 2841 707 2909 Salvatoris.
751 2841 807 2906 Ab
837 2842 961 2906 edendo
988 2842 1054 2908 alio
1083 2841 1228 2907 eiusdem
1254 2840 1478 2906 bibliothecae

284 2950 396 3017 codice
420 2953 476 3035 qui
503 2952 546 3017 nd
572 2953 678 3018 nostri
706 2958 816 3018 textus
844 2958 878 3017 et
900 2953 1059 3017 ambitum
1088 2959 1121 3018 et
1143 2953 1311 3038 {rationem
1342 2953 1479 3035 propius

285 3063 420 3146 accedit,
442 3063 608 3130 abstinere
629 3064 757 3146 maluit,
781 3085 881 3147 quum
904 3085 976 3130 eam
998 3063 1039 3130 ob
1056 3085 1206 3129 caussam
1222 3065 1309 3147 quod
1331 3064 1480 3147 „fabulas

284 3195 420 3259 graecas
446 3175 569 3258 partim
596 3174 638 3241 ab
667 3181 801 3241 auctore
829 3176 896 3242 sive
927 3177 1109 3259 interprete
1140 3174 1244 3241 latino
1275 3177 1478 3259 ineptissime

285 3286 503 3370 amplificatas
529 3287 644 3369 vidite
674 3294 744 3353 tum
771 3287 861 3372 quod
889 3287 1000 3370 „hand
1027 3308 1151 3371 paucos
1178 3287 1268 3354 locos
1291 3310 1311 3352 a
1332 3288 1479 3352 librariis

286 3400 335 3463 ita
357 3397 552 3481 depravatos
580 3399 715 3464 offendit
738 3406 775 3464 ut
798 3421 928 3464 sensum
951 3399 1123 3464 verborum
1146 3421 1187 3462 ne
1210 3398 1385 3462 divinando
1410 3400 1480 3481 qui-

288 3508 361 3573 dem
391 3511 521 3592 assequi
552 3514 696 3591 posset.“
746 3508 817 3574 Nos
846 3530 922 3574 vero
952 3530 1052 3590 quum
1082 3509 1117 3571 in
1148 3509 1267 3571 itinero
1298 3509 1412 3571 italico
1445 3509 1479 3570 in

275 3616 370 3682 duos
396 3618 622 3683 incidissemus
649 3617 778 3683 codices
801 3617 940 3684 eundem
961 3618 1082 3682 librum
1103 3618 1227 3699 passim
1251 3617 1383 3699 quidem
1406 3639 1479 3682 curn

286 3749 407 3813 magna
437 3734 548 3794 textus
579 3728 765 3796 differentia
798 3730 1020 3813 continentes,
1057 3732 1234 3812 utrumque
1265 3728 1392 3794 curiose
1425 3729 1478 3795 de·

287 3841 479 3925 scripsimus
509 3846 611 3927 atque
642 3864 730 3908 nunc
757 3841 934 3910 edidimus:
965 3841 1118 3907 nimirum
1149 3839 1334 3908 fabularum
1366 3842 1479 3925 ampli·

373 4050 396 4117 ¹)
415 4051 456 4104 Cf.
469 4051 600 4105 Creduert
619 4053 669 4104 Zur
687 4037 849 4105 Gesobiebte
868 4054 916 4106 des
934 4053 1053 4114 Ksuons,
1071 4069 1131 4118 pag.
1144 4051 1202 4102 215.
1215 4052 1291 4105 217.Δ
1309 4052 1418 4102 Decreti
1432 4052 1481 4102 Ge·

287 4140 385 4190 lsslsni
407 4139 436 4202 §5
455 4140 473 4190 9
491 4145 520 4190 et
539 4141 580 4190 10.

373 4222 395 4288 ¹)
415 4222 455 4276 Cf.
474 4225 507 4275 sd
527 4224 644 4275 Constit.
663 4230 752 4290 apost.
767 4225 817 4284 vl,
836 4226 877 4276 17.
913 4225 970 4274 Nos
992 4225 1057 4274 esim
1078 4240 1142 4272 esus
1158 4224 1285 4272 desiccat
1304 4223 1393 4271 oebalo
1411 4223 1481 4271 eis-ca

291 4312 437 4362 Smams's
459 4312 598 4378 infantiam
622 4313 773 4362 oomniscs'
796 4311 845 4362 sibi
863 4311 997 4375 pemiss't,
1023 4309 1067 4359 sed
1084 4309 1192 4358 eiusdem
1216 4308 1247 4370 (i.
1267 4325 1290 4358 e.
1308 4309 1480 4366 Perisiensie)

289 4398 453 4449 bibliothecas
475 4400 560 4448 codiee
577 4399 654 4449 2276.
680 4398 774 4463 legiter
797 4398 899 4463 Incipit
922 4397 1035 4447 historia
1054 4395 1086 4447 de
1106 4396 1223 4445 losobim
1242 4401 1270 4445 et
1288 4397 1377 4454 Anna,
1403 4399 1431 4446 et
1449 4396 1482 4445 de

289 4487 434 4536 nstisitste
459 4485 483 4536 b.
503 4486 546 4536 dei
570 4486 710 4552 genitricis
733 4500 889 4550 semperque
911 4484 1035 4549 virginis.
1061 4483 1140 4534 etde
1162 4482 1278 4532 infantia
1297 4482 1454 4532 salvatoris.
1473 4508 1482 4518 ·

291 4569 380 4619 cotem
397 4586 456 4620 sero
475 4571 659 4621 resumas
681 4560 746 4620 liter
764 4575 885 4634 tanquam
902 4568 1031 4619 uentae
1053 4567 1223 4631 wenqslistes
1245 4565 1277 4615 de
1296 4566 1413 4615 inisntis
1431 4567 1483 4615 ssl-

289 4655 398 4715 vstosis,
416 4655 577 4706 sanationis
593 4671 648 4704 esses
660 4654 871 4719 praecedentibus
884 4653 983 4721 portien
1000 4653 1091 4703 sistitis
1104 4653 1203 4717 partim
1220 4650 1353 4702 dissisns'ls's
1370 4655 1424 4702 etc.
