3458 5640
308 527 371 591 42⁶2
659 526 787 577 avana.
807 525 984 576 siconnnn
1010 525 1097 575 unns
1115 524 1152 577 11.

396 678 518 744 ”Tunc
539 679 656 742 Annas
680 682 713 742 ot
735 676 880 758 Oaipbus
906 677 1093 760 aporiantes
1114 683 1239 742 tomum
1266 675 1403 743 chartae
1431 698 1504 742 coe-

309 786 430 865 parunt
460 780 580 866 singuli
611 785 737 847 secreto
767 781 887 864 legere.
940 777 1007 846 Sed
1042 781 1148 846 omnis
1182 782 1323 866 populus
1357 781 1505 867 guaviter

310 885 491 970 accipiens,
528 885 576 951 ita
610 884 653 952 ab
690 885 841 952 omnibus
876 885 1119 969 proclamatum
1155 894 1222 953 ost:
1264 887 1381 955 Palam
1419 888 1504 955 baec

300 991 433 1085 ¹scriptu
457 990 555 1057 nobis
582 990 758 1076 perlegito3
785 997 819 1057 st
845 995 1021 1077 postquam
1044 992 1191 1075 perlecta
1212 992 1349 1077 fuerint,
1377 1014 1438 1059 nos
1465 1015 1505 1060 oa

311 1095 590 1178 conservabimus,
617 1116 658 1161 ne
686 1094 773 1162 forte
795 1095 917 1162 veritas
940 1096 992 1162 doi
1015 1097 1097 1163 haoo
1119 1097 1160 1163 ab
1183 1096 1360 1164 immundis
1389 1103 1422 1163 et
1444 1096 1504 1164 ssl-

309 1199 436 1265 lacibus
458 1205 606 1266 vertatur
635 1200 869 1266 obcaecatione
899 1201 935 1265 in
966 1199 1155 1268 salsitatem.
1198 1201 1329 1268 Dehinc
1359 1209 1504 1268 tremore

311 1303 453 1367 consooti
476 1303 594 1367 Annas
622 1309 656 1368 ot
683 1302 826 1387 Caipbas
858 1304 1066 1370 tradiderunt
1096 1311 1221 1370 tomum
1250 1305 1381 1371 chartae
1408 1306 1503 1372 rabbi

310 1405 429 1471 Addao
458 1412 492 1471 ot
518 1407 612 1471 rabbi
634 1408 757 1473 Finoes
780 1415 813 1472 ot
835 1409 930 1474 rabbi
952 1410 1071 1493 Egiao,
1103 1410 1159 1493 qni
1187 1417 1344 1476 venerant
1370 1432 1391 1475 a
1412 1411 1505 1478 Gali-

310 1507 383 1572 laoa
405 1513 438 1573 et
459 1510 737 1574 annuntiaverant
759 1508 870 1575 Iasum
893 1517 1098 1595 assumptum
1121 1512 1155 1576 in
1179 1514 1318 1579 caelum:
1346 1513 1413 1578 illis
1436 1533 1504 1578 oro·

311 1610 395 1677 didit
418 1611 524 1677 omnis
547 1611 724 1678 multitudo
741 1611 942 1679 Iudaeorum
965 1621 1004 1679 ut
1024 1615 1109 1680 liano
1132 1617 1328 1701 scripturam
1348 1616 1505 1701 legerent.

310 1716 358 1784 Et
379 1717 531 1803 legerunt
553 1716 700 1784 obautam
724 1717 947 1785 continentem
970 1717 1060 1786 baec.

717 2054 834 2121 Onsun
856 2053 904 2120 Π.
935 2053 1096 2138 (XVIII.)

398 2247 409 2286 ¹
438 2244 511 2330 Ego
553 2243 712 2311 Karinus.
770 2243 915 2311 Domine
951 2242 1029 2310 Iesu
1067 2242 1217 2329 Christo,
1258 2243 1305 2310 fili
1343 2244 1396 2313 doi
1433 2246 1508 2331 vivi,

311 2350 464 2435 pornnitto
495 2372 546 2416 ino
577 2349 669 2435 loqui
702 2349 867 2417 mirabilia
897 2355 955 2416 tua
976 2371 1061 2437 sluaa
1091 2349 1178 2435 apud
1209 2349 1334 2418 insenos
1364 2350 1508 2437 gessisti.

312 2456 395 2526 Ouni
433 2457 534 2543 igitur
569 2478 715 2525 essemus
751 2456 785 2523 in
823 2456 984 2524 tenebris
1005 2463 1039 2525 ot
1075 2457 1194 2524 umbra
1228 2457 1346 2525 mortis
1382 2459 1504 2526 (iatonti

311 2564 397 2650 apud
422 2564 560 2649 insanos,
592 2565 702 2631 subito
734 2563 844 2631 illuxit
874 2564 971 2630 nobis
1002 2566 1058 2631 lnx
1089 2586 1220 2650 magna,
1251 2571 1285 2633 ot
1306 2567 1507 2632 contremuit

311 2671 459 2735 infernus
497 2676 531 2735 ot
566 2675 683 2760 portae
719 2670 845 2736 mortis.
895 2669 943 2735 nt
978 2669 1091 2734 audita
1126 2674 1177 2734 est
1207 2690 1272 2734 vox
1307 2669 1367 2736 filii
1402 2670 1507 2754 patris

311 2773 464 2838 altissimi
501 2778 656 2856 tanquam
693 2795 757 2838 vox
798 2772 938 2837 tonitrui
979 2772 1106 2855 magni,
1145 2771 1343 2856 fortiterque
1380 2773 1507 2857 procla-

312 2897 404 2941 mans
442 2875 490 2939 sio
520 2875 650 2940 intulit:
687 2875 809 2942 Portas
843 2874 1009 2959 principos
1040 2879 1166 2940 vestras
1196 2875 1360 2956 retollito,
1395 2880 1508 2958 portas

397 3160 422 3207 9.
462 3157 530 3206 Tunc
552 3183 562 3193 ·
585 3160 643 3207 tom.
669 3156 751 3206 ubart.
776 3156 805 3220 (Β
827 3154 942 3219 obortas)
970 3173 1039 3221 coep.
1063 3156 1158 3220 sinyoli
1185 3155 1214 3219 (Β
1237 3154 1291 3218 oin)
1313 3182 1323 3192 ·
1345 3156 1425 3205 omnis
1448 3173 1510 3221 pop.

311 3262 352 3310 φ.
371 3247 499 3309 accipiens
521 3245 549 3308 (n
572 3262 655 3296 omnies
680 3244 770 3308 populi
794 3261 836 3309 or.
863 3243 1027 3309 accipientes)
1055 3270 1065 3281 ·
1088 3244 1217 3308 proclam.
1248 3244 1277 3307 (A
1301 3243 1395 3308 conob.)
1417 3272 1427 3282 ·
1450 3247 1512 3294 bueo

313 3336 413 3396 scripto
432 3332 459 3394 (Β
477 3334 542 3381 buno
559 3331 724 3396 souipturam)
743 3358 752 3367 -
768 3334 873 3396 sinerint
893 3331 921 3393 (Β
941 3330 1013 3392 -νὶι),
1040 3348 1085 3380 noa
1103 3349 1133 3380 ea
1152 3332 1180 3394 (B
1198 3331 1252 3392 eoa)
1271 3358 1280 3368 ·
1298 3336 1391 3382 vertat.
1410 3333 1509 3382 oba-aee.

315 3417 343 3479 (B
366 3418 513 3467 obuueuetur
536 3417 588 3480 [ita
612 3416 731 3481 videtui]
755 3423 780 3466 ot
804 3420 929 3479 uertatur)
953 3444 962 3452 -
986 3419 1084 3466 Dubios
1109 3418 1136 3475 (n
1156 3419 1196 3465 Do
1213 3417 1270 3479 bau)
1294 3445 1304 3453 ·
1327 3425 1386 3467 toni.
1406 3420 1461 3467 aba.
1483 3421 1511 3480 (Β

316 3502 429 3564 obortas)
449 3533 458 3542 ·
477 3505 569 3552 ,tubiae
587 3504 614 3563 (a
635 3502 737 3564 atridas)
756 3529 765 3539 ·
784 3508 808 3552 et
830 3504 902 3552 sabb.
922 3504 1006 3566 unam
1025 3534 1033 3542 -
1052 3508 1205 3566 ‹ussuiuptum
1224 3507 1250 3551 io
1268 3505 1363 3552 coetuum
1381 3503 1408 3564 (Δ
1427 3521 1468 3553 oin
1488 3512 1512 3554 ut

317 3586 389 3635 rabbi
407 3588 491 3650 Eyioe
512 3603 596 3650 usquo
619 3588 646 3635 in
664 3586 768 3648 naalma)
788 3602 845 3635 cuin
865 3599 899 3638 nn
924 3622 930 3635 .
952 3621 958 3635 .
983 3585 1162 3649 c(p1·ioribus
1181 3587 1304 3636 omnibus
1323 3587 1440 3649 omissis)
1460 3591 1511 3637 Aa·

317 3689 364 3720 uos
387 3689 445 3721 uero
468 3677 492 3720 ot
513 3673 622 3734 Coipbus
645 3672 809 3721 tradideiunt
831 3672 992 3735 scriptionem
1017 3672 1105 3720 Outioi
1126 3672 1199 3720 rabbi
1220 3673 1301 3720 Adam
1324 3678 1349 3723 ct
1371 3674 1445 3722 rabbi
1470 3675 1512 3722 st·-

318 3773 388 3814 uees,
408 3757 462 3806 illis
481 3761 523 3821 qui
540 3760 662 3806 beamont
679 3757 710 3805 cla
731 3757 792 3805 Gal.
813 3760 838 3806 et
856 3774 963 3806 osianna.
982 3753 1076 3807 oblitae
1094 3755 1149 3822 [so]
1169 3762 1250 3807 Joaouu
1268 3763 1420 3821 assumptum
1436 3757 1441 3821 Ι
1457 3760 1513 3809 illis

318 3846 386 3894 ared.
408 3877 416 3885 -
437 3847 493 3893 toa
514 3843 541 3906 (Β
561 3862 601 3893 oni
622 3844 691 3908 Iud.)
710 3882 736 3896 ..
755 3861 770 3896 c
789 3845 1157 3907 onitotbauo-booocnin
1176 3858 1237 3896 Β..
1256 3849 1512 3910 subbato-nuos·-

318 3934 437 3997 laqereat.
477 3933 544 3981 Tona-
565 3933 691 3983 inuentum
713 3936 751 3982 est
774 3933 864 3982 ibidem
887 3936 1009 4004 statatum
1034 3970 1041 3984 .
1062 3969 1069 3982 .
1094 3947 1109 3985 c
1132 3938 1160 3983 ut
1183 3935 1295 3998 baereat
1312 3950 1398 3984 coram
1415 3936 1513 3998 populo

317 4022 440 4084 saisitum
459 4023 523 4085 quod
541 4038 616 4071 manu
633 4038 681 4070 aaa
700 4021 808 4071 (larinas
822 4022 1026 4085 perscripserat:
1045 4023 1110 4086 quod
1124 4038 1174 4085 per
1191 4023 1275 4071 munia
1293 4023 1330 4071 aio
1348 4024 1499 4074 continebat.

404 4126 483 4183 11,1.
520 4125 562 4175 Cf.
582 4124 606 4176 A
625 4127 661 4184 ΙΙ,
681 4129 704 4177 1.
735 4127 767 4185 V,
787 4129 810 4175 1.
842 4128 900 4190 11'90
919 4127 1034 4175 Karinus
1055 4142 1147 4177 cuma
1173 4162 1206 4175 ..
1231 4140 1321 4184 nom,
1348 4127 1395 4176 sed
1419 4132 1514 4191 postea

320 4214 402 4263 babet
422 4214 542 4277 permitte
559 4215 619 4262 sisibi
639 4214 732 4263 Carino
753 4249 782 4263 ..
803 4228 817 4264 c
837 4229 887 4270 oin,
909 4213 956 4262 sud
977 4213 1036 4263 sido
1055 4212 1088 4262 ad
1101 4195 1186 4262 ‘sitien
1206 4229 1263 4276 cap.
1283 4212 1305 4261 1.
1322 4210 1327 4274 Ι
1339 4213 1385 4279 fil.
1404 4214 1446 4262 dei
1463 4215 1516 4262 viui

319 4313 377 4347 cum
398 4311 430 4348 nc
451 4334 480 4348 ..
501 4313 517 4349 a
536 4315 577 4347 oni
602 4297 606 4361 Ι
627 4300 731 4362 qessisti
751 4335 779 4348 ..
800 4313 814 4348 ι’
830 4300 910 4360 yessit
924 4300 1042 4360 potentio
1060 4303 1105 4346 tua
1129 4299 1133 4356 1
1158 4297 1236 4348 clun
1253 4315 1345 4361 unoquo
1361 4298 1490 4346 mirabilia
1510 4296 1513 4363 t

320 4385 427 4434 tonitrui
452 4399 509 4431 ouini
535 4396 568 4433 Βο
588 4420 616 4432 ..
638 4399 654 4434 Α
677 4385 774 4432 tonitru
798 4384 905 4446 (omisso
925 4383 1031 4446 niuffas').
1068 4383 1136 4432 Itoni
1161 4384 1232 4433 int'rn
1255 4399 1346 4432 oiniios
1371 4388 1426 4433 tros
1450 4385 1515 4433 toui-

320 4471 381 4520 trui.
407 4464 412 4526 1
436 4471 506 4534 jort.
532 4469 614 4530 procl.
633 4470 671 4518 sio
694 4470 782 4518 intulit
809 4469 837 4533 (n
860 4468 910 4530 ait)
938 4484 996 4518 cum
1016 4482 1048 4520 bn
1070 4504 1099 4518 ..
1120 4483 1135 4520 c
1158 4469 1195 4517 sic
1213 4470 1282 4534 sort.
1303 4466 1515 4535 proclamantia}

254 4564 256 4569 '
320 4560 415 4607 Portas
434 4557 461 4619 (s
484 4558 578 4606 Toleto
592 4556 677 4621 port.)
701 4573 740 4607 or.
760 4575 796 4607 oe.
815 4557 929 4607 retollite
951 4558 978 4621 (Β
997 4557 1109 4619 attalo),
1130 4561 1224 4622 portas
1242 4557 1305 4621 (ΔΒο
1323 4556 1386 4618 aaa)
1406 4561 1457 4605 aet.
1476 4574 1515 4606 uu·

320 4644 391 4701 stall.
411 4642 438 4706 (c
457 4643 509 4692 add
528 4641 600 4714 quia)
842 4638 846 4651 ’
