3458 5640
280 616 342 662 m
742 598 1012 650 raonnoonrsa

280 752 383 815 Anno
412 750 498 815 enim
524 750 614 814 1832.
643 748 844 814 clarissimus
872 747 990 813 Thilo
1019 746 1134 813 Codici
1162 767 1221 813 sno
1248 747 1337 815 Novi
1359 748 1476 815 'I'esta-

280 863 383 927 menti
407 861 595 944 apocrypho
618 859 766 940 inseruit,
794 863 828 925 et
850 859 898 923 ito
920 858 1052 941 quidem
1075 864 1113 924 ut
1134 864 1260 924 textum
1283 867 1477 944 sequeretur

282 973 405 1039 codicis
427 972 626 1039 Parisiensis
649 971 766 1037 decimi
788 971 858 1036 fere
880 970 1002 1036 saeculi
1027 971 1069 1052 (is
1092 971 1186 1036 nobis
1208 990 1227 1036 o
1250 971 1394 1055 dicitur),
1422 995 1477 1039 va·

280 1084 458 1152 riantibus·
471 1084 670 1151 lectionibus
697 1087 772 1150 octo
801 1082 949 1149 codicum
978 1089 1011 1149 et
1038 1083 1191 1168 vulgatae
1219 1083 1374 1151 editionis
1402 1106 1476 1152 cum

281 1198 371 1265 notis
392 1197 492 1263 variis
515 1197 589 1263 aliis
613 1197 672 1262 sub
694 1200 789 1262 textu
809 1195 937 1281 positis,
959 1196 1102 1280 repetita
1124 1197 1224 1263 etiam
1247 1201 1320 1264 tota
1334 1197 1476 1266 Postelli

279 1310 563 1394 interpretatione.
609 1307 685 1394 Qua
711 1309 746 1373 in
773 1329 810 1374 re
838 1309 1071 1374 auctoritatem
1093 1309 1291 1381 Parisiensis
1314 1311 1365 1376 sui
1388 1311 1476 1377 codi-

281 1422 336 1504 cis,
358 1423 419 1488 etsi
435 1421 603 1504 plerisque
624 1419 762 1504 reliquis
785 1423 895 1484 aetate
909 1420 1027 1502 praeit,
1049 1420 1136 1485 iusto
1152 1421 1257 1503 pluris
1271 1419 1363 1486 fecit:
1387 1423 1476 1506 quod

281 1530 376 1596 facile
400 1553 439 1596 ex
461 1531 504 1595 iis
525 1529 666 1594 iudicari
684 1530 808 1612 poterit
824 1550 909 1612 quae
925 1528 967 1594 ad
983 1530 1215 1595 canonicorum
1231 1531 1476 1614 evangeliorum

281 1641 479 1724 scripturam
502 1640 708 1707 conformata
727 1639 838 1723 habet,
864 1646 902 1705 ut
924 1638 1043 1724 XVII,
1068 1643 1083 1705 1
1109 1647 1142 1705 et
1165 1642 1192 1706 3.
1222 1641 1326 1725 XXI,
1348 1645 1367 1706 2
1392 1648 1425 1708 et
1447 1647 1476 1709 3.

280 1751 406 1836 XXII,
422 1754 450 1817 2.
473 1751 612 1833 XXIV,
627 1756 656 1818 4.
685 1751 739 1818 De
754 1757 920 1836 apparatu
934 1750 1086 1834 'Philonis
1101 1757 1178 1836 post
1193 1752 1346 1819 dicemus.
1373 1754 1474 1820 Prae-

280 1868 373 1929 terea
401 1863 435 1928 in
463 1863 706 1949 prolegomenis
733 1862 838 1928 fusius
869 1868 903 1928 et
926 1857 1079 1929 accurate
1110 1864 1243 1948 scripsit
1264 1864 1304 1929 de
1326 1865 1403 1930 libri
1426 1866 1475 1931 hi·

281 1975 394 2040 storia.

346 2100 519 2184 ·Denique
542 2120 628 2167 anno
654 2102 745 2166 1840.
767 2100 898 2166 libellus
920 2100 1046 2184 prodiit
1066 2101 1129 2166 hoc
1151 2103 1248 2168 titulo
1270 2105 1475 2190 Proteoanqe-

280 2213 353 2276 dum
376 2213 481 2277 Iacchi
501 2233 538 2278 ex
560 2214 623 2276 cod.
641 2235 695 2276 ms.
719 2212 878 2276 Veneriano
898 2214 1062 2298 descripsit,
1079 2214 1309 2299 proleqomenis,
1332 2220 1477 2279 varietate

280 2325 451 2403 lectionum,
484 2328 562 2388 notia
594 2328 704 2388 criticis
735 2328 912 2388 irremotum
943 2326 1034 2388 edidit
1064 2322 1147 2392 Car.
1170 2324 1239 2389 Ad.
1263 2324 1475 2408 snck0w1).

279 2437 485 2507 Venetianus
513 2435 569 2501 ille
592 2435 749 2503 Suckovii
777 2435 879 2502 codex
902 2435 989 2501 idem
1011 2442 1063 2502 est
1084 2457 1181 2520 quem
1203 2437 1268 2520 ipsi
1289 2441 1396 2502 totum
1421 2437 1474 2502 de·

279 2549 471 2631 scripsimus
509 2553 659 2613 notatum
697 2547 780 2631 siglo
813 2569 835 2612 r
866 2548 901 2612 in
931 2548 1166 2613 commentario
1198 2554 1322 2614 nostro.
1374 2548 1475 2614 Hunc

279 2640 462 2727 Suokorius
491 2661 561 2726 iure
590 2659 816 2750 magnifacit,
844 2660 906 2724 etsi
928 2659 1019 2725 nullo
1042 2659 1139 2726 modo
1161 2659 1298 2743 reliquis
1322 2659 1474 2726 omnibus

279 2771 514 2856 praeferendus
531 2778 590 2853 est,
613 2777 650 2836 ut
665 2793 705 2836 ex
720 2778 883 2854 apparatu
899 2775 1013 2837 nostro
1029 2772 1132 2837 cuivis
1149 2772 1330 2855 apparebit.
1369 2770 1476 2854 Saepe

280 2882 414 2967 quidem
442 2884 605 2948 brevitate
632 2883 784 2949 lectionis
815 2882 1036 2948 commendari
1063 2884 1210 2965 videtur,
1227 2884 1297 2948 'sed
1328 2889 1477 2967 praeter·

281 3016 380 3079 quam
412 2995 500 3079 quod
532 3017 571 3061 ea
601 2996 746 3061 brevitas
781 2996 905 3079 passim
940 2995 1029 3061 haud
1060 2995 1159 3062 dubie
1191 2996 1231 3061 ad
1263 2995 1477 3062 describentis

281 3107 518 3192 negligentiam
547 3108 721 3174 referenda
749 3113 813 3192 est,
844 3109 877 3173 in
906 3108 1037 3191 scriptis
1064 3108 1251 3175 huiusmodi
1279 3108 1477 3194 apocryphis

281 3219 456 3287 videndum
486 3225 537 3285 est
563 3241 604 3286 ne
627 3224 737 3286 textus
760 3219 923 3286 catholica
944 3221 1181 3287 retractatione
1203 3222 1237 3286 in
1259 3221 1411 3287 breviora
1434 3221 1478 3284 sit

281 3338 478 3398 contractus.
516 3333 566 3397 At
582 3354 661 3398 vero
679 3333 713 3397 in
730 3331 869 3417 legendo
889 3331 1000 3398 codice
1018 3354 1077 3399 suo
1092 3332 1276 3401 Suckovius
1292 3338 1359 3398 tam
1380 3354 1476 3416 saepe

280 3448 415 3527 tamque
438 3445 582 3528 graviter
599 3433 707 3509 'falsus
730 3449 840 3510 estut
862 3449 1013 3527 suscepto
1037 3445 1129 3527 operi
1151 3445 1311 3527 imparem
1330 3466 1364 3510 se
1381 3466 1476 3527 prae-

281 3555 406 3620 stiterit
420 3576 459 3621 ac
473 3555 622 3621 laborem
638 3577 732 3620 suum
747 3560 877 3620 tantum
892 3576 958 3620 non
973 3555 1162 3638 perdiderit.
1193 3554 1290 3638 Quod
1305 3576 1346 3620 ne
1362 3556 1475 3638 inique

280 3664 444 3732 iudicasse
452 3665 631 3750 videamur,
640 3665 768 3751 aliquot
783 3666 931 3750 exempla
947 3665 1113 3733 afferenda
1125 3672 1231 3731 erunt.
1259 3665 1315 3730 Ita
1329 3668 1437 3749 capite
1447 3663 1475 3731 Ι.

282 3781 379 3864 κυρίῳ
408 3783 470 3860 (κω
494 3779 667 3863 scriptum)
697 3783 773 3844 ante
802 3781 854 3842 εῑσ
882 3776 1023 3865 ῖλασμὸμ
1053 3781 1126 3864 ἐμοί
1152 3779 1316 3862 praeterit
1338 3799 1475 3863 eamque

281 3888 393 3955 fictam
414 3891 590 3956 lectionem
613 3892 708 3957 unice
731 3889 950 3973 commendat3
973 3891 1098 3957 omittit
1115 3895 1255 3976 σωέρμα
1277 3896 1353 3974 post
1372 3891 1474 3977 διδόμ-

281 4024 360 4079 τασ,
384 4001 443 4066 dat
466 4002 613 4087 ἑμεῲάμιι
638 4003 708 4087 σύμ,
731 4002 831 4086 idque
852 4007 978 4068 rectum
998 4023 1068 4068 esse
1086 4004 1250 4086 opinatur,
1272 4024 1332 4085 pro
1350 4004 1474 4087 ἑμεῲά-

282 4135 372 4195 μισεμ
402 4113 486 4192 (cod.
509 4121 659 4199 -μιισεμ),
690 4115 770 4196 item
797 4120 894 4179 notat
921 4115 1108 4197 ἑωισκέψαι
1137 4135 1198 4197 pro
1227 4119 1474 4198 ἑωισκέψεταιι

282 4223 392 4304 capite
413 4221 463 4287 II.
486 4222 537 4288 bis
559 4223 657 4289 affert
678 4223 748 4288 δύω
775 4246 836 4307 pro
861 4224 934 4299 δύο,
964 4224 1124 4287 malilosa
1150 4224 1202 4288 bis
1223 4245 1284 4306 pro
1306 4226 1474 4300 ωαιδίσκιι,

282 4335 447 4416 συμομέμιι
471 4354 531 4415 pro
547 4338 726 4418 γεμομέμιι,
750 4335 951 4419 δαῴμιιδείαμ
974 4354 1034 4416 pro
1055 4335 1270 4419 δαῲμιιδαίαμ,
1295 4333 1473 4418 δεσωὸταμ

281 4462 341 4523 pro
358 4442 550 4528 beonrdrirp:
574 4444 682 4527 capite
697 4442 765 4511 III.
789 4443 983 4531 drcprtcnro
1001 4465 1061 4526 pro
1078 4444 1286 4529 drepriouon,
1311 4444 1473 4529 dpeldroop

367 4658 390 4727 1)
408 4661 435 4712 Is
454 4663 660 4718 Vrctislcviensi
678 4665 829 4719 academice
848 4681 933 4733 nuper
949 4669 1036 4718 morte
1055 4671 1162 4733 ereptus
1181 4669 1231 4719 est
