3458 5640
447 586 778 638 nsnuoounnnnnni
800 585 1040 636 suessonicis.
1068 584 1142 636 cen.
1163 585 1222 635 vn.
1394 583 1435 647 65

718 800 839 868 Onnuu
863 801 945 871 VII.

320 942 330 980 ¹
345 940 445 1006 Tunc
460 938 635 1005 Abiathar
651 939 813 1005 sacerdos
831 939 961 1005 obtulit
976 960 1121 1006 munera
1141 941 1279 1006 infinita
1294 939 1435 1025 pontifi·

225 1044 347 1125 cibus,
368 1051 408 1109 ut
427 1045 605 1127 accipe-rot
624 1064 699 1109 eam
722 1042 792 1108 filio
817 1066 879 1109 suo
901 1042 1105 1109 tradendam
1129 1065 1279 1109 uxorom.
1311 1043 1435 1109 Prohi·
1482 1116 1488 1122 ‚

231 1147 338 1212 bobat
353 1153 469 1212 autom
487 1168 546 1212 eos
563 1146 678 1213 Maria
694 1147 828 1214 dicens:
862 1147 942 1213 Non
958 1152 1077 1231 potest
1093 1146 1167 1213 fieri
1184 1153 1224 1212 ut
1240 1168 1303 1231 ogo
1323 1148 1433 1212 virum

226 1270 440 1332 cognoscam
463 1240 524 1313 au't
545 1270 598 1315 mo
615 1250 666 1313 vir
683 1256 880 1333 cognoscat.
912 1250 1102 1315 Pontifices
1123 1256 1238 1314 autom
1262 1255 1297 1314 ot
1313 1270 1432 1314 omnes

226 1353 308 1415 -oins
330 1351 453 1415 assinos
472 1350 637 1415 dicebant
659 1352 705 1415 oi:
736 1352 834 1415 Dcns
858 1351 995 1415 insiliis
1018 1351 1146 1415 colitur
1167 1357 1202 1415 ot
1223 1352 1259 1414 in
1281 1351 1432 1434 postoris

232 1452 408 1535 adoratur,
427 1452 743 1537 sioutssmperluit
757 1453 925 1518 inlsraol.
949 1452 1182 1537 Respondeas
1194 1458 1310 1518 autem
1319 1451 1434 1518 Maria

232 1556 322 1621 dixit
343 1556 429 1622 illis:
459 1556 558 1623 Deus
580 1558 615 1622 in
634 1558 794 1624 castitate
812 1557 923 1641 primo
946 1557 1098 1622 omnium
1119 1555 1260 1637 colitur,
1283 1562 1322 1621 ιιι
1343 1577 1433 1621 com·

232 1661 411 1746 probatur.
445 1659 561 1727 ²Nam
583 1667 663 1727 ante
683 1659 773 1728 Abol
796 1660 913 1726 nullus
931 1659 999 1725 luit
1020 1661 1134 1727 iustus
1156 1660 1248 1726 inter
1263 1659 1432 1743 hominos,

227 1771 270 1831 ot
285 1765 352 1832 isto
368 1786 430 1850 pro
449 1765 626 1833 oblatione
644 1766 778 1851 placuit
794 1766 870 1847 doO,
889 1772 924 1831 et
939 1765 981 1831 ab
1000 1787 1040 1832 eo
1053 1766 1112 1848 qui
1130 1765 1313 1851 displicuit
1328 1765 1435 1831 inclo-

232 1875 369 1936 monter
391 1870 527 1935 occisus
550 1877 612 1935 est.
649 1871 747 1936 Duas
765 1876 881 1936 tamon
903 1891 1049 1935 coronas
1071 1869 1221 1953 accepit,
1245 1868 1434 1936 oblationis

228 1979 271 2037 ot
285 1973 512 2056 virginitatis,
536 1974 619 2057 quia
634 1975 669 2038 in
687 1995 789 2038 carno
808 1995 871 2038 suo
887 1995 1064 2058 nunquam
1081 1973 1313 2056 pollutionem
1330 1971 1437 2037 admi·

196 2148 199 2154 ‚
234 2076 291 2140 sit.
315 2073 478 2158 Denique
497 2074 664 2142 etHolias
682 2097 758 2141 cum
776 2081 870 2141 osset
885 2075 1036 2141 incarne
1054 2081 1252 2159 assumptus
1272 2082 1334 2156 ost,
1352 2075 1435 2159 quia

228 2198 375 2242 carnem
392 2199 488 2242 suam
506 2178 674 2262 virginem
691 2179 888 2244 custodivit.
926 2178 1025 2244 Haeo
1043 2200 1106 2264 ago
1124 2178 1232 2244 didici
1248 2179 1285 2242 in
1301 2177 1432 2262 templo

235 2279 294 2347 dai
310 2280 352 2348 ab
372 2280 522 2347 infantia
537 2302 623 2365 mea,
642 2283 734 2367 quod
750 2282 815 2349 deo
828 2305 907 2349 cara
924 2305 1000 2350 osso
1011 2283 1240 2368 possitvirgo.
1266 2281 1349 2348 Ideo
1367 2281 1434 2348 hoc

229 2387 344 2451 :statui
362 2387 397 2450 in
416 2385 518 2451 corde
536 2407 610 2452 meo
630 2392 668 2452 nt
685 2389 794 2453 virum
812 2388 952 2471 ponitus
970 2409 1040 2453 non
1057 2407 1273 2471 cognoscam.

305 2597 369 2656 v11,
390 2602 411 2647 l.
436 2599 579 2657 Abiatluor,
598 2606 629 2648 ut
646 2613 687 2649 cs.
713 2613 729 2648 n
749 2596 1432 2664 Aliaoar,nAtyacar51³⁸Abictuar3‘⁸Adiaoiar.

234 2684 367 2734 Similiter
379 2684 453 2734 alibi.
473 2682 477 2750 Ι
490 2686 552 2751 jitio
564 2703 610 2735 eso
622 2686 739 2734 tradeud.
753 2702 794 2734 ua.
808 2691 839 2734 ut
852 2697 920 2744 σοις
939 2697 974 2733 ΑΒ
986 2685 1014 2733 iu
1029 2685 1180 2749 uxoremflt.
1193 2700 1238 2734 suo
1256 2682 1260 2749 Ι
1280 2684 1433 2734 Protitetat

232 2775 277 2819 etc
288 2775 326 2840 ut
340 2783 356 2817 n
370 2773 398 2818 ot
410 2769 450 2831 (ut
462 2771 542 2818 uirum
555 2771 708 2834 copiosam
725 2769 729 2834 Ι
753 2769 872 2819 ostiaria
883 2775 965 2818 autem
975 2771 1049 2834 prola
1063 2785 1105 2818 eos
1115 2769 1201 2819 diceus
1220 2766 1225 2834 Ι
1246 2782 1261 2818 c
1279 2774 1307 2818 ut
1324 2774 1369 2819 aut
1386 2786 1432 2834 epo

232 2854 315 2903 sirum
334 2852 339 2920 Ι
357 2867 392 2904 01>
411 2859 457 2904 aut
474 2872 492 2904 a
509 2857 563 2905 uiro
576 2872 714 2920 cognoscar
733 2854 738 2920 Ι
758 2856 896 2922 Pontifices
909 2860 965 2914 etc,
984 2861 1015 2904 ιιι
1028 2867 1100 2916 ,ιους
1121 2856 1188 2904 suu
1202 2856 1280 2904 diceb.
1299 2856 1323 2904 ei
1336 2858 1432 2923 poetis.

228 2945 260 2990 >et
271 2957 335 2990 amu.
348 2942 393 3007 αΙΙῖ
406 2943 460 2990 eius
473 2939 477 3008 Ι
491 2943 562 2991 Deus
574 2941 601 3005 (n
614 2942 667 2992 odd
679 2943 825 3004 invisibilis)
838 2943 864 2991 ie
877 2941 925 3006 (cn
938 2943 964 3003 a)
970 2942 1015 3008 fil.
1028 2941 1076 2992 ool.
1090 2946 1114 2991 et
1127 2941 1153 3006 (o
1166 2942 1235 3004 ema)
1248 2945 1291 2992 otc
1306 2939 1310 3008 Ι
1324 2943 1351 2992 im
1363 2944 1432 2993 Iera.

235 3032 268 3076 ut
279 3041 309 3086 ας
329 3040 364 3078 cn
378 3029 403 3076 in
413 3028 509 3092 populo
522 3029 587 3087 Ises,
605 3043 622 3077 a
635 3028 738 3095 insiliis
749 3030 800 3077 Isr.
820 3026 824 3094 Ι
843 3030 1005 3094 Βενροιιᾱανιε
1022 3033 1066 3079 otc
1085 3032 1115 3078 ut
1128 3041 1178 3087 οὓς
1198 3030 1265 3078 sut
1280 3030 1434 3094 respondeus

236 3113 328 3162 Maria
345 3114 413 3163 dicit
428 3115 477 3173 eis,
495 3129 511 3164 s
531 3116 708 3179 Respondebat
723 3120 805 3165 autem
822 3116 878 3165 Μα.
894 3120 920 3165 et
936 3115 1036 3164 dicebat
1052 3115 1089 3164 eu'e
1108 3112 1112 3178 Ι
1130 3116 1202 3164 Deus
1219 3116 1245 3163 ia
1258 3115 1285 3177 (o
1299 3116 1352 3178 om)
1370 3123 1432 3166 cast.

235 3199 318 3262 priano
332 3199 439 3248 ommium
451 3201 553 3259 colitur,
572 3205 601 3250 ut
613 3201 789 3265 comprobatur
801 3199 830 3263 (n
840 3202 924 3264 primo
937 3217 1000 3249 oms.
1013 3205 1075 3264 post
1088 3200 1135 3250 cot.
1149 3205 1178 3249 ut
1190 3215 1259 3264 pon;
1279 3213 1294 3250 c
1303 3202 1357 3266 pri.
1369 3219 1434 3252 mse.

232 3285 363 3348 protatur
380 3290 427 3334 aut
438 3286 542 3347 comer)
556 3302 613 3336 cnm
629 3299 697 3336 nno:
717 3301 734 3335 a
746 3287 817 3336 Deus
834 3288 861 3336 ia
873 3287 992 3337 castitate
1001 3287 1085 3350 primo
1097 3303 1180 3336 oiaaee
1189 3287 1296 3350 probat,
1315 3291 1435 3352 quomodo

237 3371 369 3420 admetus.

308 3459 331 3504 2.
349 3461 375 3505 et
386 3457 433 3505 iste
446 3454 473 3518 (s
486 3456 536 3518 tute)
546 3473 596 3520 pra
610 3457 658 3506 obt.
668 3456 770 3520 placuit
783 3457 810 3519 (n
819 3457 967 3520 placuerat)
979 3457 1026 3507 deo
1039 3472 1098 3506 cum
1111 3469 1160 3516 σας
1179 3470 1216 3506 ιιι)
1230 3463 1256 3506 et
1272 3459 1384 3522 ipseper
1395 3461 1435 3510 ot·

238 3540 347 3590 tationes
365 3541 394 3605 (n
408 3540 460 3591 add
472 3542 543 3604 suas)
557 3543 597 3604 pt.
611 3543 665 3592 deo.
692 3541 823 3593 Similiter
835 3557 866 3601 n,
885 3542 946 3592 vido
960 3545 1030 3607 post.
1045 3540 1049 3606 Ι
1064 3543 1095 3591 αι
1114 3560 1142 3592 eo
1155 3547 1238 3593 autem
1249 3543 1280 3607 (u
1292 3550 1317 3593 et
1329 3546 1360 3594 ot
1373 3545 1412 3608 eo)
1426 3571 1435 3582 ·
1484 3537 1490 3546 ’

230 3626 313 3677 occia
326 3632 407 3677 estut
420 3639 490 3688 ιους
510 3642 527 3677 1
539 3632 564 3678 et
567 3629 658 3694 fratri
669 3628 803 3690 displicuit
808 3665 815 3687 ‚
835 3646 852 3677 a
864 3645 911 3692 quo
924 3633 949 3678 et
960 3629 1057 3680 occisus
1068 3633 1113 3679 est.
1133 3627 1138 3696 Ι
1158 3631 1233 3679 Duas
1244 3634 1326 3681 tamea
1339 3648 1389 3682 eor.
1405 3632 1434 3697 (υ

236 3713 291 3762 add
304 3730 322 3762 α
330 3713 425 3771 David,
439 3715 541 3780 corrige
554 3732 571 3763 a
582 3716 629 3765 deo
641 3715 693 3765 eise
705 3716 816 3777 domimo)
830 3733 883 3764 ace.
897 3716 946 3765 ott.
960 3716 990 3779 (n
1001 3716 1053 3765 add
1064 3716 1171 3781 seilicet)
1185 3722 1210 3766 et
1219 3719 1283 3781 oirp.
1297 3723 1326 3768 ut
1337 3731 1405 3781 onn3
1419 3734 1436 3770 Δ

237 3801 314 3849 Duas
325 3800 410 3864 itaque
423 3816 474 3849 σον.
488 3801 537 3850 otu.
550 3789 636 3864 accip.
649 3807 674 3850 et
686 3803 750 3866 airy.
765 3799 769 3866 Ι
784 3814 799 3851 c
812 3803 838 3849 in
851 3819 951 3850 caraem
963 3819 1034 3852 suom
1047 3799 1051 3868 Ι
1067 3820 1192 3868 numquam
1201 3805 1294 3867 poitut.
1308 3809 1338 3854 ut
1351 3819 1400 3867 ους
1421 3821 1437 3856 n

231 3886 330 3948 poliat.
342 3884 405 3944 ποκ’,
423 3885 525 3951 u(poet
537 3887 608 3951 quia)
621 3888 718 3936 nuttam
727 3887 822 3949 pollui.
842 3886 847 3952 Ι
866 3889 958 3952 Deniq.
977 3894 1002 3938 et
1014 3889 1073 3939 Hel.
1088 3896 1119 3939 ut
1136 3903 1204 3951 (τως
1224 3903 1240 3938 Δ
1254 3890 1347 3940 Heliae
1358 3909 1417 3943 sero
1431 3890 1435 3958 Ι

239 3971 300 4020 Πνὶ.
314 3988 367 4020 oum
379 3976 444 4022 esset
456 3970 484 4035 (n
499 3988 553 4032 om,
572 3988 589 4023 n
602 3974 674 4037 sirpo
687 3976 761 4036 esset)
775 3975 800 4021 ia
814 3991 904 4031 carne,
924 3981 1068 4038 assumptus
1080 3975 1109 4038 (n
1121 3975 1224 4038 raptus)
1237 3981 1319 4027 estut
1332 3991 1402 4038 uo1>;
1422 3992 1437 4027 n

239 4057 344 4107 Heliam
362 4058 419 4107 ideo
431 4074 485 4106 cum
497 4062 561 4107 esset
576 4059 603 4107 ia
616 4075 692 4107 earne
704 4061 841 4121 assumpsit
854 4056 858 4124 Ι
873 4060 948 4109 Ilaec
959 4077 1004 4125 epo
1018 4087 1026 4096 -
1039 4061 1081 4111 dei
1094 4059 1120 4124 (o
1133 4061 1238 4124 domim)
1253 4088 1261 4097 ·
1274 4079 1337 4111 cara
1350 4068 1394 4114 ote
1406 4070 1437 4114 ut

232 4155 284 4193 -ου,
309 4143 394 4192 ιΠαα
409 4159 470 4208 erpo
489 4146 515 4193 ia
528 4145 612 4206 templ.
625 4147 667 4195 dei
678 4147 760 4194 didici
772 4172 781 4182 ·
794 4146 840 4195 deo
856 4147 922 4195 satis
934 4164 997 4195 cara
1010 4149 1093 4209 possit
1110 4164 1162 4197 esse
1175 4148 1321 4211 oie-pinitus,
1340 4155 1366 4199 et
1381 4152 1437 4202 ideo

239 4231 442 4281 maiestatem.
466 4245 483 4280 Δ
496 4233 554 4296 Epo
566 4237 649 4282 autem
667 4233 699 4281 ab
711 4233 758 4297 ias.
771 4249 826 4281 mea
842 4233 869 4282 ia
881 4233 966 4295 templ.
979 4234 1021 4282 dei
1032 4234 1112 4283 didici
1125 4235 1191 4299 quot
1203 4236 1268 4283 satis
1280 4261 1289 4271 ·
1302 4237 1348 4286 deo
1360 4238 1437 4302 sirpi-

234 4317 317 4366 ‚sim
342 4317 380 4367 Et
391 4318 448 4367 ideo
461 4319 520 4383 quia
533 4336 619 4369 earum
630 4321 676 4370 deo
686 4334 788 4382 possum
800 4321 901 4388 offerre,
914 4321 1067 4370 statuistis
1080 4327 1132 4371 oto.

310 4404 331 4452 B
346 4403 396 4453 hoc
412 4405 500 4469 eapite
519 4421 535 4454 s
549 4405 626 4455 codd.
645 4407 756 4472 reliquis
772 4407 811 4456 ita
827 4407 917 4457 differt
936 4410 967 4458 ut
982 4410 1045 4472 poet
1059 4409 1140 4458 uei-bs
1153 4409 1179 4458 iu
1193 4424 1295 4459 uxorem
1305 4410 1367 4477 sulio
1385 4429 1438 4472 suo,

242 4491 335 4540 stetim
349 4491 432 4541 addat
447 4492 555 4543 initium
571 4494 668 4558 capitis
682 4493 756 4543 Vlll.
776 4496 804 4545 in
819 4494 889 4545 hunc
904 4495 1024 4545 modum:
1047 4496 1151 4546 Factum
1164 4501 1297 4546 astantem
1312 4515 1366 4548 cum
1381 4501 1443 4550 XII

244 4578 337 4627 aetatis
348 4595 427 4628 anuos
438 4580 549 4639 haberet,
562 4585 587 4631 et
590 4583 669 4646 sama
680 4587 744 4631 esset
756 4600 787 4631 ac
796 4585 946 4632 consuetudo
960 4584 1022 4633 tatis
1031 4585 1105 4648 quod,
1117 4589 1249 4649 postquam
1259 4585 1293 4632 ad
1304 4584 1439 4649 lepitimam

243 4667 352 4714 atatem
361 4667 540 4728 perveniebant
555 4669 667 4732 sirpiaee
684 4671 710 4717 ie
729 4670 821 4733 tempto
834 4670 928 4719 donnini
944 4675 1131 4729 commorantes,
1150 4672 1266 4735 accipere
1277 4672 1397 4722 debebant
1412 4673 1439 4721 is

238 4749 359 4813 -couiupio
371 4752 439 4802 ciros
450 4770 522 4813 suos,
539 4755 664 4804 iacentum
676 4760 714 4805 est
725 4756 779 4805 tato
791 4757 920 4806 consitium
936 4760 965 4805 ut
977 4757 1094 4806 mittatur
1102 4773 1200 4820 praece
1205 4771 1256 4819 per
1267 4772 1349 4806 amm
1360 4758 1441 4808 tritus

297 4829 384 4879 using.
394 4842 471 4882 apocr.
485 4836 521 4876 od.
531 4835 688 4877 'ricohundem
704 4838 744 4876 no.
760 4838 786 4877 u.
1212 4840 1226 4891 5

1406 5021 1413 5050 l
