<?xml version="1.0" encoding="UTF-8"?>
<!DOCTYPE html PUBLIC "-//W3C//DTD XHTML 1.0 Transitional//EN"
    "http://www.w3.org/TR/xhtml1/DTD/xhtml1-transitional.dtd">
<html xmlns="http://www.w3.org/1999/xhtml" xml:lang="en" lang="en">
 <head>
  <title>
</title>
<meta http-equiv="Content-Type" content="text/html;charset=utf-8" />
  <meta name='ocr-system' content='tesseract 3.04.00' />
  <meta name='ocr-capabilities' content='ocr_page ocr_carea ocr_par ocr_line ocrx_word'/>
</head>
<body>
  <div class='ocr_page' id='page_1' title='image "./evangeliaapocry02tiscgoog_0245.png"; bbox 0 0 3458 5640; ppageno 0'>
   <div class='ocr_carea' id='block_1_1' title="bbox 527 615 1468 687">
    <p class='ocr_par' dir='ltr' id='par_1_1' title="bbox 527 615 1468 687">
     <span class='ocr_line' id='line_1_1' title="bbox 527 615 1468 687; baseline 0.012 -21"><span class='ocrx_word' id='word_1_1' title='bbox 527 615 693 667; x_wconf 75' lang='lat' dir='ltr'>HISTORIA</span> <span class='ocrx_word' id='word_1_2' title='bbox 712 616 865 667; x_wconf 78' lang='lat' dir='ltr'>1osarn1.</span> <span class='ocrx_word' id='word_1_3' title='bbox 900 617 974 669; x_wconf 76' lang='lat' dir='ltr'><strong>CAP.</strong></span> <span class='ocrx_word' id='word_1_4' title='bbox 993 619 1052 669; x_wconf 88' lang='lat' dir='ltr'>Vll.</span> <span class='ocrx_word' id='word_1_5' title='bbox 1072 620 1147 670; x_wconf 82' lang='lat' dir='ltr'>vm.</span> <span class='ocrx_word' id='word_1_6' title='bbox 1167 621 1211 671; x_wconf 83' lang='lat' dir='ltr'>tx.</span> <span class='ocrx_word' id='word_1_7' title='bbox 1408 623 1468 687; x_wconf 81' lang='grc'><strong>125</strong></span> 
     </span>
    </p>
   </div>
   <div class='ocr_carea' id='block_1_2' title="bbox 267 763 1468 1471">
    <p class='ocr_par' dir='ltr' id='par_1_2' title="bbox 267 763 1468 1471">
     <span class='ocr_line' id='line_1_2' title="bbox 270 763 1468 857; baseline 0.008 -28"><span class='ocrx_word' id='word_1_8' title='bbox 270 763 359 830; x_wconf 84' lang='lat' dir='ltr'><strong>dixit</strong></span> <span class='ocrx_word' id='word_1_9' title='bbox 374 764 442 831; x_wconf 90' lang='lat' dir='ltr'>illi:</span> <span class='ocrx_word' id='word_1_10' title='bbox 459 764 609 849; x_wconf 89' lang='lat' dir='ltr'>Iosephe</span> <span class='ocrx_word' id='word_1_11' title='bbox 627 765 811 849; x_wconf 85' lang='lat' dir='ltr'>filiDavid,</span> <span class='ocrx_word' id='word_1_12' title='bbox 831 787 873 832; x_wconf 90' lang='lat' dir='ltr'>ue</span> <span class='ocrx_word' id='word_1_13' title='bbox 891 767 1013 834; x_wconf 88' lang='lat' dir='ltr'>timeas</span> <span class='ocrx_word' id='word_1_14' title='bbox 1030 769 1190 853; x_wconf 89' lang='lat' dir='ltr'>accipere</span> <span class='ocrx_word' id='word_1_15' title='bbox 1201 769 1349 837; x_wconf 88' lang='lat' dir='ltr'>Mariam</span> <span class='ocrx_word' id='word_1_16' title='bbox 1367 792 1468 857; x_wconf 92' lang='lat' dir='ltr'>spou-</span> 
     </span>
     <span class='ocr_line' id='line_1_3' title="bbox 270 869 1466 960; baseline 0.008 -27"><span class='ocrx_word' id='word_1_17' title='bbox 270 890 342 934; x_wconf 88' lang='lat' dir='ltr'>sam</span> <span class='ocrx_word' id='word_1_18' title='bbox 357 875 465 934; x_wconf 88' lang='lat' dir='ltr'>tuam:</span> <span class='ocrx_word' id='word_1_19' title='bbox 486 869 615 953; x_wconf 90' lang='lat' dir='ltr'>quippe</span> <span class='ocrx_word' id='word_1_20' title='bbox 633 871 795 955; x_wconf 83' lang='lat' dir='ltr'>concepit</span> <span class='ocrx_word' id='word_1_21' title='bbox 812 870 853 936; x_wconf 92' lang='lat' dir='ltr'>de</span> <span class='ocrx_word' id='word_1_22' title='bbox 871 872 996 955; x_wconf 90' lang='lat' dir='ltr'>spiritu</span> <span class='ocrx_word' id='word_1_23' title='bbox 1014 879 1145 955; x_wconf 88' lang='lat' dir='ltr'>sancto,</span> <span class='ocrx_word' id='word_1_24' title='bbox 1166 879 1201 939; x_wconf 90' lang='lat' dir='ltr'>et</span> <span class='ocrx_word' id='word_1_25' title='bbox 1216 875 1330 959; x_wconf 88' lang='lat' dir='ltr'>pariet</span> <span class='ocrx_word' id='word_1_26' title='bbox 1346 875 1466 960; x_wconf 89' lang='lat' dir='ltr'>filium,</span> 
     </span>
     <span class='ocr_line' id='line_1_4' title="bbox 270 973 1468 1063; baseline 0.007 -25"><span class='ocrx_word' id='word_1_27' title='bbox 270 974 369 1039; x_wconf 89' lang='lat' dir='ltr'>cuius</span> <span class='ocrx_word' id='word_1_28' title='bbox 385 994 510 1039; x_wconf 90' lang='lat' dir='ltr'>nomen</span> <span class='ocrx_word' id='word_1_29' title='bbox 527 973 764 1057; x_wconf 83' lang='lat' dir='ltr'>appellabitur</span> <span class='ocrx_word' id='word_1_30' title='bbox 778 975 891 1041; x_wconf 88' lang='lat' dir='ltr'>Iesus.</span> <span class='ocrx_word' id='word_1_31' title='bbox 922 975 993 1041; x_wconf 91' lang='lat' dir='ltr'>Hic</span> <span class='ocrx_word' id='word_1_32' title='bbox 1010 975 1069 1040; x_wconf 92' lang='lat' dir='ltr'>ille</span> <span class='ocrx_word' id='word_1_33' title='bbox 1087 980 1163 1061; x_wconf 86' lang='lat' dir='ltr'>(est)</span> <span class='ocrx_word' id='word_1_34' title='bbox 1180 978 1240 1060; x_wconf 90' lang='lat' dir='ltr'>qui</span> <span class='ocrx_word' id='word_1_35' title='bbox 1257 978 1468 1063; x_wconf 80' lang='lat' dir='ltr'>gubernabit</span> 
     </span>
     <span class='ocr_line' id='line_1_5' title="bbox 270 1077 1465 1165; baseline 0.005 -22"><span class='ocrx_word' id='word_1_36' title='bbox 270 1098 386 1143; x_wconf 87' lang='lat' dir='ltr'>omnes</span> <span class='ocrx_word' id='word_1_37' title='bbox 409 1084 530 1162; x_wconf 83' lang='lat' dir='ltr'>gentes</span> <span class='ocrx_word' id='word_1_38' title='bbox 554 1084 691 1161; x_wconf 87' lang='lat' dir='ltr'>sceptro</span> <span class='ocrx_word' id='word_1_39' title='bbox 715 1077 839 1144; x_wconf 83' lang='lat' dir='ltr'>ferreo.</span> <span class='ocrx_word' id='word_1_40' title='bbox 872 1079 982 1164; x_wconf 85' lang='lat' dir='ltr'>(Haec</span> <span class='ocrx_word' id='word_1_41' title='bbox 1004 1080 1220 1165; x_wconf 88' lang='lat' dir='ltr'>prolocutus)</span> <span class='ocrx_word' id='word_1_42' title='bbox 1238 1081 1402 1149; x_wconf 86' lang='lat' dir='ltr'>discessit</span> <span class='ocrx_word' id='word_1_43' title='bbox 1423 1084 1465 1149; x_wconf 91' lang='lat' dir='ltr'>ab</span> 
     </span>
     <span class='ocr_line' id='line_1_6' title="bbox 269 1179 1468 1266; baseline 0.006 -19"><span class='ocrx_word' id='word_1_44' title='bbox 269 1202 308 1247; x_wconf 88' lang='lat' dir='ltr'>eo</span> <span class='ocrx_word' id='word_1_45' title='bbox 334 1180 489 1265; x_wconf 88' lang='lat' dir='ltr'>angelus.</span> <span class='ocrx_word' id='word_1_46' title='bbox 536 1179 696 1248; x_wconf 82' lang='lat' dir='ltr'>Surrexit</span> <span class='ocrx_word' id='word_1_47' title='bbox 716 1202 795 1247; x_wconf 84' lang='lat' dir='ltr'>vero</span> <span class='ocrx_word' id='word_1_48' title='bbox 818 1181 990 1266; x_wconf 89' lang='lat' dir='ltr'>Iosephus</span> <span class='ocrx_word' id='word_1_49' title='bbox 1013 1183 1055 1249; x_wconf 91' lang='lat' dir='ltr'>de</span> <span class='ocrx_word' id='word_1_50' title='bbox 1077 1204 1197 1249; x_wconf 89' lang='lat' dir='ltr'>somno</span> <span class='ocrx_word' id='word_1_51' title='bbox 1221 1207 1299 1266; x_wconf 92' lang='lat' dir='ltr'>suo,</span> <span class='ocrx_word' id='word_1_52' title='bbox 1326 1187 1468 1255; x_wconf 85' lang='lat' dir='ltr'>etfacit</span> 
     </span>
     <span class='ocr_line' id='line_1_7' title="bbox 267 1284 1466 1370; baseline 0.008 -22"><span class='ocrx_word' id='word_1_53' title='bbox 267 1284 554 1368; x_wconf 84' lang='lat' dir='ltr'>quemadmodum</span> <span class='ocrx_word' id='word_1_54' title='bbox 566 1287 632 1368; x_wconf 88' lang='lat' dir='ltr'>ipsi</span> <span class='ocrx_word' id='word_1_55' title='bbox 646 1285 780 1351; x_wconf 87' lang='lat' dir='ltr'>dixerat</span> <span class='ocrx_word' id='word_1_56' title='bbox 790 1285 936 1369; x_wconf 88' lang='lat' dir='ltr'>angelus</span> <span class='ocrx_word' id='word_1_57' title='bbox 948 1285 1094 1365; x_wconf 84' lang='lat' dir='ltr'>donriui3</span> <span class='ocrx_word' id='word_1_58' title='bbox 1107 1294 1142 1352; x_wconf 90' lang='lat' dir='ltr'>et</span> <span class='ocrx_word' id='word_1_59' title='bbox 1152 1288 1343 1370; x_wconf 86' lang='lat' dir='ltr'>permansit</span> <span class='ocrx_word' id='word_1_60' title='bbox 1352 1291 1466 1357; x_wconf 89' lang='lat' dir='ltr'>Maria</span> 
     </span>
     <span class='ocr_line' id='line_1_8' title="bbox 268 1387 486 1471; baseline -0.005 -19"><span class='ocrx_word' id='word_1_61' title='bbox 268 1387 360 1471; x_wconf 90' lang='lat' dir='ltr'>apud</span> <span class='ocrx_word' id='word_1_62' title='bbox 376 1387 486 1452; x_wconf 89' lang='lat' dir='ltr'>illum.</span> 
     </span>
    </p>
   </div>
   <div class='ocr_carea' id='block_1_3' title="bbox 752 1555 978 1626">
    <p class='ocr_par' dir='ltr' id='par_1_3' title="bbox 752 1555 978 1626">
     <span class='ocr_line' id='line_1_9' title="bbox 752 1555 978 1626; baseline -0.004 -2"><span class='ocrx_word' id='word_1_63' title='bbox 752 1555 873 1625; x_wconf 79' lang='lat' dir='ltr'>Oarur</span> <span class='ocrx_word' id='word_1_64' title='bbox 896 1559 978 1626; x_wconf 84' lang='lat' dir='ltr'>VII.</span> 
     </span>
    </p>
   </div>
   <div class='ocr_carea' id='block_1_4' title="bbox 262 1712 1463 2713">
    <p class='ocr_par' dir='ltr' id='par_1_4' title="bbox 262 1712 1463 2713">
     <span class='ocr_line' id='line_1_10' title="bbox 350 1712 1462 1802; baseline 0.004 -22"><span class='ocrx_word' id='word_1_65' title='bbox 350 1713 542 1781; x_wconf 90' lang='lat' dir='ltr'>Interiecto</span> <span class='ocrx_word' id='word_1_66' title='bbox 561 1714 688 1782; x_wconf 86' lang='lat' dir='ltr'>deiude</span> <span class='ocrx_word' id='word_1_67' title='bbox 706 1720 860 1799; x_wconf 88' lang='lat' dir='ltr'>tempore</span> <span class='ocrx_word' id='word_1_68' title='bbox 876 1714 1009 1800; x_wconf 89' lang='lat' dir='ltr'>prodiit</span> <span class='ocrx_word' id='word_1_69' title='bbox 1024 1714 1226 1781; x_wconf 90' lang='lat' dir='ltr'>mandatum</span> <span class='ocrx_word' id='word_1_70' title='bbox 1241 1715 1283 1781; x_wconf 89' lang='lat' dir='ltr'>ab</span> <span class='ocrx_word' id='word_1_71' title='bbox 1300 1712 1462 1802; x_wconf 82' lang='lat' dir='ltr'>Augusto</span> 
     </span>
     <span class='ocr_line' id='line_1_11' title="bbox 266 1808 1462 1905; baseline 0.003 -21"><span class='ocrx_word' id='word_1_72' title='bbox 266 1815 415 1885; x_wconf 82' lang='lat' dir='ltr'>Caesare</span> <span class='ocrx_word' id='word_1_73' title='bbox 432 1824 490 1905; x_wconf 86' lang='lat' dir='ltr'>(et)</span> <span class='ocrx_word' id='word_1_74' title='bbox 507 1841 587 1904; x_wconf 89' lang='lat' dir='ltr'>rege</span> <span class='ocrx_word' id='word_1_75' title='bbox 604 1827 644 1885; x_wconf 90' lang='lat' dir='ltr'>ut</span> <span class='ocrx_word' id='word_1_76' title='bbox 661 1808 919 1885; x_wconf 89' lang='lat' dir='ltr'>describeretur</span> <span class='ocrx_word' id='word_1_77' title='bbox 938 1820 1120 1886; x_wconf 82' lang='lat' dir='ltr'>universus</span> <span class='ocrx_word' id='word_1_78' title='bbox 1139 1819 1232 1886; x_wconf 90' lang='lat' dir='ltr'>orbis</span> <span class='ocrx_word' id='word_1_79' title='bbox 1249 1819 1462 1905; x_wconf 89' lang='lat' dir='ltr'>habitabilis,</span> 
     </span>
     <span class='ocr_line' id='line_1_12' title="bbox 265 1921 1461 2006; baseline 0.003 -21"><span class='ocrx_word' id='word_1_80' title='bbox 265 1922 506 2005; x_wconf 87' lang='lat' dir='ltr'>uuusquisque</span> <span class='ocrx_word' id='word_1_81' title='bbox 539 1923 574 1985; x_wconf 92' lang='lat' dir='ltr'>iu</span> <span class='ocrx_word' id='word_1_82' title='bbox 601 1923 740 1987; x_wconf 85' lang='lat' dir='ltr'>civitate</span> <span class='ocrx_word' id='word_1_83' title='bbox 768 1944 840 1988; x_wconf 90' lang='lat' dir='ltr'>sua.</span> <span class='ocrx_word' id='word_1_84' title='bbox 886 1921 1041 2005; x_wconf 82' lang='lat' dir='ltr'>Surgous</span> <span class='ocrx_word' id='word_1_85' title='bbox 1073 1923 1192 2006; x_wconf 90' lang='lat' dir='ltr'>itaque</span> <span class='ocrx_word' id='word_1_86' title='bbox 1218 1944 1324 1988; x_wconf 87' lang='lat' dir='ltr'>sonex</span> <span class='ocrx_word' id='word_1_87' title='bbox 1349 1924 1461 1989; x_wconf 89' lang='lat' dir='ltr'>iustus</span> 
     </span>
     <span class='ocr_line' id='line_1_13' title="bbox 265 2022 1463 2110; baseline 0.002 -22"><span class='ocrx_word' id='word_1_88' title='bbox 265 2022 437 2106; x_wconf 85' lang='lat' dir='ltr'>Iosephus</span> <span class='ocrx_word' id='word_1_89' title='bbox 472 2027 608 2107; x_wconf 87' lang='lat' dir='ltr'>accepit</span> <span class='ocrx_word' id='word_1_90' title='bbox 642 2031 783 2110; x_wconf 86' lang='lat' dir='ltr'>(secum)</span> <span class='ocrx_word' id='word_1_91' title='bbox 814 2024 962 2089; x_wconf 89' lang='lat' dir='ltr'>Mariam</span> <span class='ocrx_word' id='word_1_92' title='bbox 1000 2026 1184 2109; x_wconf 75' lang='lat' dir='ltr'>virginem,</span> <span class='ocrx_word' id='word_1_93' title='bbox 1221 2032 1256 2092; x_wconf 90' lang='lat' dir='ltr'>et</span> <span class='ocrx_word' id='word_1_94' title='bbox 1293 2032 1463 2090; x_wconf 86' lang='lat' dir='ltr'>venerunt</span> 
     </span>
     <span class='ocr_line' id='line_1_14' title="bbox 264 2123 1458 2213; baseline 0.003 -23"><span class='ocrx_word' id='word_1_95' title='bbox 264 2123 461 2207; x_wconf 88' lang='lat' dir='ltr'>Bethleem,</span> <span class='ocrx_word' id='word_1_96' title='bbox 484 2127 566 2210; x_wconf 89' lang='lat' dir='ltr'>quia</span> <span class='ocrx_word' id='word_1_97' title='bbox 583 2128 738 2194; x_wconf 90' lang='lat' dir='ltr'>instabat</span> <span class='ocrx_word' id='word_1_98' title='bbox 753 2132 873 2212; x_wconf 88' lang='lat' dir='ltr'>partus</span> <span class='ocrx_word' id='word_1_99' title='bbox 891 2128 977 2192; x_wconf 90' lang='lat' dir='ltr'>eius.</span> <span class='ocrx_word' id='word_1_100' title='bbox 1011 2126 1199 2211; x_wconf 88' lang='lat' dir='ltr'>Inscripsit</span> <span class='ocrx_word' id='word_1_101' title='bbox 1219 2134 1335 2193; x_wconf 91' lang='lat' dir='ltr'>autem</span> <span class='ocrx_word' id='word_1_102' title='bbox 1351 2127 1458 2213; x_wconf 89' lang='lat' dir='ltr'>(Iose-</span> 
     </span>
     <span class='ocr_line' id='line_1_15' title="bbox 266 2227 1461 2315; baseline 0.002 -21"><span class='ocrx_word' id='word_1_103' title='bbox 266 2227 368 2314; x_wconf 89' lang='lat' dir='ltr'>phus)</span> <span class='ocrx_word' id='word_1_104' title='bbox 384 2251 509 2296; x_wconf 89' lang='lat' dir='ltr'>nomen</span> <span class='ocrx_word' id='word_1_105' title='bbox 527 2252 626 2296; x_wconf 89' lang='lat' dir='ltr'>suum</span> <span class='ocrx_word' id='word_1_106' title='bbox 644 2231 817 2315; x_wconf 82' lang='lat' dir='ltr'>catalogo:</span> <span class='ocrx_word' id='word_1_107' title='bbox 835 2252 914 2295; x_wconf 88' lang='lat' dir='ltr'>nam</span> <span class='ocrx_word' id='word_1_108' title='bbox 927 2229 1100 2315; x_wconf 90' lang='lat' dir='ltr'>Iosephus</span> <span class='ocrx_word' id='word_1_109' title='bbox 1117 2229 1344 2311; x_wconf 87' lang='lat' dir='ltr'>filiusDarid,</span> <span class='ocrx_word' id='word_1_110' title='bbox 1362 2230 1461 2296; x_wconf 87' lang='lat' dir='ltr'>cuius</span> 
     </span>
     <span class='ocr_line' id='line_1_16' title="bbox 266 2334 1461 2419; baseline 0.001 -20"><span class='ocrx_word' id='word_1_111' title='bbox 266 2354 394 2417; x_wconf 89' lang='lat' dir='ltr'>sponsa</span> <span class='ocrx_word' id='word_1_112' title='bbox 403 2337 500 2418; x_wconf 84' lang='lat' dir='ltr'>(erat)</span> <span class='ocrx_word' id='word_1_113' title='bbox 511 2334 635 2418; x_wconf 89' lang='lat' dir='ltr'>Maria,</span> <span class='ocrx_word' id='word_1_114' title='bbox 653 2334 988 2401; x_wconf 73' lang='lat' dir='ltr'>fuitdotribquda.</span> <span class='ocrx_word' id='word_1_115' title='bbox 1012 2334 1059 2400; x_wconf 82' lang='lat' dir='ltr'>Et</span> <span class='ocrx_word' id='word_1_116' title='bbox 1077 2334 1217 2419; x_wconf 91' lang='lat' dir='ltr'>quidem</span> <span class='ocrx_word' id='word_1_117' title='bbox 1226 2334 1341 2401; x_wconf 88' lang='lat' dir='ltr'>Maria</span> <span class='ocrx_word' id='word_1_118' title='bbox 1351 2339 1461 2400; x_wconf 90' lang='lat' dir='ltr'>mater</span> 
     </span>
     <span class='ocr_line' id='line_1_17' title="bbox 265 2436 1455 2522; baseline 0.002 -20"><span class='ocrx_word' id='word_1_119' title='bbox 265 2456 341 2503; x_wconf 86' lang='lat' dir='ltr'>mea</span> <span class='ocrx_word' id='word_1_120' title='bbox 364 2438 502 2522; x_wconf 88' lang='lat' dir='ltr'>peperit</span> <span class='ocrx_word' id='word_1_121' title='bbox 525 2460 578 2505; x_wconf 92' lang='lat' dir='ltr'>me</span> <span class='ocrx_word' id='word_1_122' title='bbox 604 2438 818 2521; x_wconf 86' lang='lat' dir='ltr'>Botlrleemi,</span> <span class='ocrx_word' id='word_1_123' title='bbox 850 2439 886 2503; x_wconf 92' lang='lat' dir='ltr'>iu</span> <span class='ocrx_word' id='word_1_124' title='bbox 918 2436 1087 2522; x_wconf 89' lang='lat' dir='ltr'>spelunca</span> <span class='ocrx_word' id='word_1_125' title='bbox 1114 2438 1271 2522; x_wconf 86' lang='lat' dir='ltr'>proxima</span> <span class='ocrx_word' id='word_1_126' title='bbox 1295 2438 1455 2522; x_wconf 90' lang='lat' dir='ltr'>sepulcro</span> 
     </span>
     <span class='ocr_line' id='line_1_18' title="bbox 264 2540 1460 2628; baseline 0.001 -21"><span class='ocrx_word' id='word_1_127' title='bbox 264 2540 397 2609; x_wconf 81' lang='lat' dir='ltr'>Rachel</span> <span class='ocrx_word' id='word_1_128' title='bbox 413 2543 530 2609; x_wconf 87' lang='lat' dir='ltr'>uxoris</span> <span class='ocrx_word' id='word_1_129' title='bbox 546 2544 668 2610; x_wconf 91' lang='lat' dir='ltr'>Iacobi</span> <span class='ocrx_word' id='word_1_130' title='bbox 685 2543 914 2628; x_wconf 86' lang='lat' dir='ltr'>patriarchae,</span> <span class='ocrx_word' id='word_1_131' title='bbox 932 2563 1021 2627; x_wconf 89' lang='lat' dir='ltr'>quae</span> <span class='ocrx_word' id='word_1_132' title='bbox 1039 2542 1129 2628; x_wconf 84' lang='lat' dir='ltr'>(fuit)</span> <span class='ocrx_word' id='word_1_133' title='bbox 1145 2542 1407 2627; x_wconf 85' lang='lat' dir='ltr'>materIosephi</span> <span class='ocrx_word' id='word_1_134' title='bbox 1425 2545 1460 2610; x_wconf 90' lang='lat' dir='ltr'>et</span> 
     </span>
     <span class='ocr_line' id='line_1_19' title="bbox 262 2644 458 2713; baseline 0.005 -2"><span class='ocrx_word' id='word_1_135' title='bbox 262 2644 458 2713; x_wconf 90' lang='lat' dir='ltr'>Beniamin.</span> 
     </span>
    </p>
   </div>
   <div class='ocr_carea' id='block_1_5' title="bbox 738 2817 983 2885">
    <p class='ocr_par' dir='ltr' id='par_1_5' title="bbox 738 2817 983 2885">
     <span class='ocr_line' id='line_1_20' title="bbox 738 2817 983 2885; baseline 0 -1"><span class='ocrx_word' id='word_1_136' title='bbox 738 2817 858 2885; x_wconf 76' lang='lat' dir='ltr'>Curua</span> <span class='ocrx_word' id='word_1_137' title='bbox 881 2817 983 2885; x_wconf 88' lang='lat' dir='ltr'>VHI.</span> 
     </span>
    </p>
   </div>
   <div class='ocr_carea' id='block_1_6' title="bbox 180 2972 1497 3968">
    <p class='ocr_par' dir='ltr' id='par_1_6' title="bbox 180 2972 1497 3968">
     <span class='ocr_line' id='line_1_21' title="bbox 349 2972 1457 3061; baseline -0.001 -20"><span class='ocrx_word' id='word_1_138' title='bbox 349 2972 419 3041; x_wconf 85' lang='lat' dir='ltr'>Sed</span> <span class='ocrx_word' id='word_1_139' title='bbox 444 2982 584 3041; x_wconf 88' lang='lat' dir='ltr'>satanas</span> <span class='ocrx_word' id='word_1_140' title='bbox 612 2975 674 3040; x_wconf 83' lang='lat' dir='ltr'>ivit</span> <span class='ocrx_word' id='word_1_141' title='bbox 698 2974 888 3059; x_wconf 90' lang='lat' dir='ltr'>retulitque</span> <span class='ocrx_word' id='word_1_142' title='bbox 914 2975 1001 3061; x_wconf 80' lang='lat' dir='ltr'>(hoc)</span> <span class='ocrx_word' id='word_1_143' title='bbox 1026 2973 1162 3040; x_wconf 92' lang='lat' dir='ltr'>Herodi</span> <span class='ocrx_word' id='word_1_144' title='bbox 1186 2973 1334 3059; x_wconf 89' lang='lat' dir='ltr'>Magno,</span> <span class='ocrx_word' id='word_1_145' title='bbox 1366 2976 1457 3058; x_wconf 89' lang='lat' dir='ltr'>patri</span> 
     </span>
     <span class='ocr_line' id='line_1_22' title="bbox 263 3074 1497 3165; baseline 0.002 -23"><span class='ocrx_word' id='word_1_146' title='bbox 263 3074 440 3144; x_wconf 80' lang='lat' dir='ltr'>Archelai.</span> <span class='ocrx_word' id='word_1_147' title='bbox 490 3078 658 3164; x_wconf 89' lang='lat' dir='ltr'>Idemque</span> <span class='ocrx_word' id='word_1_148' title='bbox 684 3079 741 3145; x_wconf 93' lang='lat' dir='ltr'>hic</span> <span class='ocrx_word' id='word_1_149' title='bbox 765 3079 927 3146; x_wconf 86' lang='lat' dir='ltr'>Herodes</span> <span class='ocrx_word' id='word_1_150' title='bbox 952 3083 1050 3165; x_wconf 86' lang='lat' dir='ltr'>(erat)</span> <span class='ocrx_word' id='word_1_151' title='bbox 1076 3079 1136 3162; x_wconf 91' lang='lat' dir='ltr'>qui</span> <span class='ocrx_word' id='word_1_152' title='bbox 1161 3078 1274 3162; x_wconf 89' lang='lat' dir='ltr'>capite</span> <span class='ocrx_word' id='word_1_153' title='bbox 1299 3080 1457 3144; x_wconf 87' lang='lat' dir='ltr'>truncari</span> <span class='ocrx_word' id='word_1_154' title='bbox 1492 3083 1497 3154; x_wconf 69' lang='grc' dir='ltr'><strong>ξ</strong></span> 
     </span>
     <span class='ocr_line' id='line_1_23' title="bbox 264 3173 1457 3267; baseline 0.002 -23"><span class='ocrx_word' id='word_1_155' title='bbox 264 3181 368 3245; x_wconf 88' lang='lat' dir='ltr'>iussit</span> <span class='ocrx_word' id='word_1_156' title='bbox 392 3183 583 3249; x_wconf 90' lang='lat' dir='ltr'>Iohannem</span> <span class='ocrx_word' id='word_1_157' title='bbox 609 3185 756 3248; x_wconf 89' lang='lat' dir='ltr'>amicum</span> <span class='ocrx_word' id='word_1_158' title='bbox 785 3189 821 3248; x_wconf 89' lang='lat' dir='ltr'>et</span> <span class='ocrx_word' id='word_1_159' title='bbox 845 3189 1030 3267; x_wconf 89' lang='lat' dir='ltr'>cognatum</span> <span class='ocrx_word' id='word_1_160' title='bbox 1056 3203 1179 3247; x_wconf 92' lang='lat' dir='ltr'>meum.</span> <span class='ocrx_word' id='word_1_161' title='bbox 1224 3180 1379 3247; x_wconf 91' lang='lat' dir='ltr'>Proinde</span> <span class='ocrx_word' id='word_1_162' title='bbox 1405 3173 1457 3247; x_wconf 84' lang='lat' dir='ltr'>me</span> 
     </span>
     <span class='ocr_line' id='line_1_24' title="bbox 264 3283 1458 3370; baseline 0.001 -22"><span class='ocrx_word' id='word_1_163' title='bbox 264 3283 453 3368; x_wconf 84' lang='lat' dir='ltr'>diligenter</span> <span class='ocrx_word' id='word_1_164' title='bbox 474 3287 694 3370; x_wconf 80' lang='lat' dir='ltr'>perquisivit,</span> <span class='ocrx_word' id='word_1_165' title='bbox 719 3287 919 3351; x_wconf 81' lang='lat' dir='ltr'>existimans</span> <span class='ocrx_word' id='word_1_166' title='bbox 941 3307 1085 3370; x_wconf 89' lang='lat' dir='ltr'>reguum</span> <span class='ocrx_word' id='word_1_167' title='bbox 1107 3306 1220 3349; x_wconf 91' lang='lat' dir='ltr'>meum</span> <span class='ocrx_word' id='word_1_168' title='bbox 1241 3283 1315 3350; x_wconf 85' lang='lat' dir='ltr'>fore</span> <span class='ocrx_word' id='word_1_169' title='bbox 1334 3284 1375 3350; x_wconf 91' lang='lat' dir='ltr'>de</span> <span class='ocrx_word' id='word_1_170' title='bbox 1393 3283 1458 3350; x_wconf 93' lang='lat' dir='ltr'>hoc</span> 
     </span>
     <span class='ocr_line' id='line_1_25' title="bbox 263 3387 1458 3471; baseline 0 -20"><span class='ocrx_word' id='word_1_171' title='bbox 263 3389 403 3455; x_wconf 89' lang='lat' dir='ltr'>mundo.</span> <span class='ocrx_word' id='word_1_172' title='bbox 453 3390 583 3457; x_wconf 85' lang='lat' dir='ltr'>Verum</span> <span class='ocrx_word' id='word_1_173' title='bbox 608 3391 806 3455; x_wconf 89' lang='lat' dir='ltr'>admonitus</span> <span class='ocrx_word' id='word_1_174' title='bbox 832 3396 886 3454; x_wconf 93' lang='lat' dir='ltr'>est</span> <span class='ocrx_word' id='word_1_175' title='bbox 910 3389 986 3471; x_wconf 90' lang='lat' dir='ltr'>(hac</span> <span class='ocrx_word' id='word_1_176' title='bbox 1011 3389 1053 3453; x_wconf 91' lang='lat' dir='ltr'>de</span> <span class='ocrx_word' id='word_1_177' title='bbox 1079 3393 1127 3471; x_wconf 87' lang='lat' dir='ltr'>re)</span> <span class='ocrx_word' id='word_1_178' title='bbox 1153 3387 1325 3470; x_wconf 88' lang='lat' dir='ltr'>Iosephus</span> <span class='ocrx_word' id='word_1_179' title='bbox 1352 3408 1458 3451; x_wconf 83' lang='lat' dir='ltr'>senex</span> 
     </span>
     <span class='ocr_line' id='line_1_26' title="bbox 263 3488 1457 3575; baseline 0 -22"><span class='ocrx_word' id='word_1_180' title='bbox 263 3488 323 3555; x_wconf 89' lang='lat' dir='ltr'>ille</span> <span class='ocrx_word' id='word_1_181' title='bbox 339 3493 418 3574; x_wconf 88' lang='lat' dir='ltr'>pius</span> <span class='ocrx_word' id='word_1_182' title='bbox 436 3514 498 3575; x_wconf 91' lang='lat' dir='ltr'>per</span> <span class='ocrx_word' id='word_1_183' title='bbox 514 3494 695 3557; x_wconf 89' lang='lat' dir='ltr'>somnium.</span> <span class='ocrx_word' id='word_1_184' title='bbox 732 3491 817 3556; x_wconf 91' lang='lat' dir='ltr'>Ideo</span> <span class='ocrx_word' id='word_1_185' title='bbox 835 3511 980 3574; x_wconf 83' lang='lat' dir='ltr'>surgens</span> <span class='ocrx_word' id='word_1_186' title='bbox 997 3491 1133 3572; x_wconf 89' lang='lat' dir='ltr'>accepit</span> <span class='ocrx_word' id='word_1_187' title='bbox 1148 3490 1296 3554; x_wconf 88' lang='lat' dir='ltr'>Mariam</span> <span class='ocrx_word' id='word_1_188' title='bbox 1313 3496 1457 3554; x_wconf 90' lang='lat' dir='ltr'>matrem</span> 
     </span>
     <span class='ocr_line' id='line_1_27' title="bbox 180 3592 1456 3678; baseline 0 -22"><span class='ocrx_word' id='word_1_189' title='bbox 180 3598 184 3605; x_wconf 88' lang='lat'>&#39;</span> <span class='ocrx_word' id='word_1_190' title='bbox 262 3613 382 3675; x_wconf 91' lang='lat' dir='ltr'>meam,</span> <span class='ocrx_word' id='word_1_191' title='bbox 405 3599 441 3659; x_wconf 91' lang='grc'>91</span> <span class='ocrx_word' id='word_1_192' title='bbox 456 3616 519 3678; x_wconf 91' lang='lat' dir='ltr'>ego</span> <span class='ocrx_word' id='word_1_193' title='bbox 540 3595 575 3658; x_wconf 93' lang='lat' dir='ltr'>in</span> <span class='ocrx_word' id='word_1_194' title='bbox 593 3595 703 3677; x_wconf 89' lang='lat' dir='ltr'>ipsius</span> <span class='ocrx_word' id='word_1_195' title='bbox 721 3595 799 3658; x_wconf 89' lang='lat' dir='ltr'>sinu</span> <span class='ocrx_word' id='word_1_196' title='bbox 816 3592 999 3675; x_wconf 86' lang='lat' dir='ltr'>(recubui);</span> <span class='ocrx_word' id='word_1_197' title='bbox 1022 3594 1181 3658; x_wconf 88' lang='lat' dir='ltr'>comitem</span> <span class='ocrx_word' id='word_1_198' title='bbox 1198 3595 1302 3658; x_wconf 88' lang='lat' dir='ltr'>etiam</span> <span class='ocrx_word' id='word_1_199' title='bbox 1319 3592 1456 3656; x_wconf 91' lang='lat' dir='ltr'>itineris</span> 
     </span>
     <span class='ocr_line' id='line_1_28' title="bbox 262 3693 1456 3779; baseline -0.002 -19"><span class='ocrx_word' id='word_1_200' title='bbox 262 3695 347 3778; x_wconf 89' lang='lat' dir='ltr'>ipsis</span> <span class='ocrx_word' id='word_1_201' title='bbox 365 3717 401 3760; x_wconf 89' lang='lat' dir='ltr'>se</span> <span class='ocrx_word' id='word_1_202' title='bbox 418 3695 581 3779; x_wconf 88' lang='lat' dir='ltr'>praebuit</span> <span class='ocrx_word' id='word_1_203' title='bbox 596 3694 745 3763; x_wconf 83' lang='lat' dir='ltr'>Salome.</span> <span class='ocrx_word' id='word_1_204' title='bbox 780 3695 967 3760; x_wconf 90' lang='lat' dir='ltr'>Profectus</span> <span class='ocrx_word' id='word_1_205' title='bbox 985 3717 1066 3778; x_wconf 83' lang='lat' dir='ltr'>ergo</span> <span class='ocrx_word' id='word_1_206' title='bbox 1084 3694 1185 3761; x_wconf 89' lang='lat' dir='ltr'>domo</span> <span class='ocrx_word' id='word_1_207' title='bbox 1206 3697 1241 3760; x_wconf 92' lang='lat' dir='ltr'>in</span> <span class='ocrx_word' id='word_1_208' title='bbox 1258 3693 1456 3778; x_wconf 82' lang='lat' dir='ltr'>Aegyptum</span> 
     </span>
     <span class='ocr_line' id='line_1_29' title="bbox 262 3798 1480 3883; baseline -0.001 -20"><span class='ocrx_word' id='word_1_209' title='bbox 262 3800 416 3880; x_wconf 85' lang='lat' dir='ltr'>secessit,</span> <span class='ocrx_word' id='word_1_210' title='bbox 435 3799 717 3883; x_wconf 87' lang='lat' dir='ltr'>permansit(que)</span> <span class='ocrx_word' id='word_1_211' title='bbox 735 3798 784 3862; x_wconf 90' lang='lat' dir='ltr'>ibi</span> <span class='ocrx_word' id='word_1_212' title='bbox 801 3798 951 3880; x_wconf 86' lang='lat' dir='ltr'>spatium</span> <span class='ocrx_word' id='word_1_213' title='bbox 968 3799 1072 3863; x_wconf 89' lang='lat' dir='ltr'>unius</span> <span class='ocrx_word' id='word_1_214' title='bbox 1089 3799 1217 3883; x_wconf 88' lang='lat' dir='ltr'>integri</span> <span class='ocrx_word' id='word_1_215' title='bbox 1235 3799 1328 3879; x_wconf 90' lang='lat' dir='ltr'>anni,</span> <span class='ocrx_word' id='word_1_216' title='bbox 1346 3798 1458 3863; x_wconf 90' lang='lat' dir='ltr'>donec</span> <span class='ocrx_word' id='word_1_217' title='bbox 1478 3879 1480 3882; x_wconf 12' lang='lat' dir='ltr'>v</span> 
     </span>
     <span class='ocr_line' id='line_1_30' title="bbox 256 3902 728 3968; baseline 0.002 -2"><span class='ocrx_word' id='word_1_218' title='bbox 256 3903 403 3967; x_wconf 83' lang='lat' dir='ltr'>transiit</span> <span class='ocrx_word' id='word_1_219' title='bbox 418 3903 548 3967; x_wconf 84' lang='lat' dir='ltr'>invidia</span> <span class='ocrx_word' id='word_1_220' title='bbox 564 3902 728 3968; x_wconf 89' lang='lat' dir='ltr'>Herodis.</span> 
     </span>
    </p>
   </div>
   <div class='ocr_carea' id='block_1_7' title="bbox 752 4089 962 4157">
    <p class='ocr_par' dir='ltr' id='par_1_7' title="bbox 752 4089 962 4157">
     <span class='ocr_line' id='line_1_31' title="bbox 752 4089 962 4157; baseline -0.014 0"><span class='ocrx_word' id='word_1_221' title='bbox 752 4089 872 4157; x_wconf 76' lang='lat' dir='ltr'>Oaros</span> <span class='ocrx_word' id='word_1_222' title='bbox 895 4090 962 4155; x_wconf 91' lang='lat' dir='ltr'>IX.</span> 
     </span>
    </p>
   </div>
   <div class='ocr_carea' id='block_1_8' title="bbox 261 4224 1456 4838">
    <p class='ocr_par' dir='ltr' id='par_1_8' title="bbox 261 4224 1456 4838">
     <span class='ocr_line' id='line_1_32' title="bbox 345 4224 1454 4316; baseline -0.003 -21"><span class='ocrx_word' id='word_1_223' title='bbox 345 4224 532 4296; x_wconf 87' lang='lat' dir='ltr'>Obiitvero</span> <span class='ocrx_word' id='word_1_224' title='bbox 544 4229 890 4316; x_wconf 88' lang='lat' dir='ltr'>(Herodes)pessimo</span> <span class='ocrx_word' id='word_1_225' title='bbox 902 4230 1023 4296; x_wconf 88' lang='lat' dir='ltr'>mortis</span> <span class='ocrx_word' id='word_1_226' title='bbox 1040 4250 1178 4315; x_wconf 86' lang='lat' dir='ltr'>genere,</span> <span class='ocrx_word' id='word_1_227' title='bbox 1196 4246 1344 4312; x_wconf 87' lang='lat' dir='ltr'>poenam</span> <span class='ocrx_word' id='word_1_228' title='bbox 1354 4225 1454 4292; x_wconf 89' lang='lat' dir='ltr'>luens</span> 
     </span>
     <span class='ocr_line' id='line_1_33' title="bbox 261 4331 1456 4422; baseline -0.001 -23"><span class='ocrx_word' id='word_1_229' title='bbox 261 4332 361 4400; x_wconf 85' lang='lat' dir='ltr'>effusi</span> <span class='ocrx_word' id='word_1_230' title='bbox 377 4357 562 4421; x_wconf 88' lang='lat' dir='ltr'>puerorum</span> <span class='ocrx_word' id='word_1_231' title='bbox 582 4335 773 4422; x_wconf 88' lang='lat' dir='ltr'>sanguinis,</span> <span class='ocrx_word' id='word_1_232' title='bbox 792 4358 878 4421; x_wconf 93' lang='lat' dir='ltr'>quos</span> <span class='ocrx_word' id='word_1_233' title='bbox 897 4336 1041 4404; x_wconf 90' lang='lat' dir='ltr'>emedio</span> <span class='ocrx_word' id='word_1_234' title='bbox 1059 4336 1178 4421; x_wconf 91' lang='lat' dir='ltr'>inique</span> <span class='ocrx_word' id='word_1_235' title='bbox 1196 4331 1341 4400; x_wconf 89' lang='lat' dir='ltr'>sustulit</span> <span class='ocrx_word' id='word_1_236' title='bbox 1351 4353 1456 4417; x_wconf 93' lang='lat' dir='ltr'>quum</span> 
     </span>
     <span class='ocr_line' id='line_1_34' title="bbox 262 4437 1455 4528; baseline -0.002 -24"><span class='ocrx_word' id='word_1_237' title='bbox 262 4437 346 4524; x_wconf 90' lang='lat' dir='ltr'>ipsis</span> <span class='ocrx_word' id='word_1_238' title='bbox 364 4464 431 4508; x_wconf 91' lang='lat' dir='ltr'>non</span> <span class='ocrx_word' id='word_1_239' title='bbox 449 4441 581 4508; x_wconf 89' lang='lat' dir='ltr'>inesset</span> <span class='ocrx_word' id='word_1_240' title='bbox 597 4448 787 4528; x_wconf 88' lang='lat' dir='ltr'>peccatum.</span> <span class='ocrx_word' id='word_1_241' title='bbox 822 4440 941 4528; x_wconf 84' lang='lat' dir='ltr'>Atque</span> <span class='ocrx_word' id='word_1_242' title='bbox 959 4442 1131 4509; x_wconf 85' lang='lat' dir='ltr'>exstincto</span> <span class='ocrx_word' id='word_1_243' title='bbox 1149 4447 1293 4526; x_wconf 87' lang='lat' dir='ltr'>tyranno</span> <span class='ocrx_word' id='word_1_244' title='bbox 1312 4439 1378 4504; x_wconf 90' lang='lat' dir='ltr'>isto</span> <span class='ocrx_word' id='word_1_245' title='bbox 1396 4437 1455 4502; x_wconf 90' lang='lat' dir='ltr'>im-</span> 
     </span>
     <span class='ocr_line' id='line_1_35' title="bbox 262 4544 1455 4633; baseline -0.002 -23"><span class='ocrx_word' id='word_1_246' title='bbox 262 4547 319 4628; x_wconf 87' lang='lat' dir='ltr'>pio</span> <span class='ocrx_word' id='word_1_247' title='bbox 329 4547 470 4614; x_wconf 88' lang='lat' dir='ltr'>Herode</span> <span class='ocrx_word' id='word_1_248' title='bbox 489 4550 617 4615; x_wconf 78' lang='lat' dir='ltr'>reversi</span> <span class='ocrx_word' id='word_1_249' title='bbox 633 4555 715 4615; x_wconf 88' lang='lat' dir='ltr'>sunt</span> <span class='ocrx_word' id='word_1_250' title='bbox 725 4548 866 4633; x_wconf 85' lang='lat' dir='ltr'>(Ioseph</span> <span class='ocrx_word' id='word_1_251' title='bbox 881 4556 916 4614; x_wconf 91' lang='lat' dir='ltr'>ot</span> <span class='ocrx_word' id='word_1_252' title='bbox 930 4555 1041 4614; x_wconf 90' lang='lat' dir='ltr'>mater</span> <span class='ocrx_word' id='word_1_253' title='bbox 1055 4551 1143 4631; x_wconf 87' lang='lat' dir='ltr'>mea)</span> <span class='ocrx_word' id='word_1_254' title='bbox 1159 4548 1194 4611; x_wconf 93' lang='lat' dir='ltr'>iu</span> <span class='ocrx_word' id='word_1_255' title='bbox 1207 4553 1333 4611; x_wconf 90' lang='lat' dir='ltr'>terram</span> <span class='ocrx_word' id='word_1_256' title='bbox 1344 4544 1455 4609; x_wconf 89' lang='lat' dir='ltr'>Israe-</span> 
     </span>
     <span class='ocr_line' id='line_1_36' title="bbox 264 4647 1452 4734; baseline -0.002 -21"><span class='ocrx_word' id='word_1_257' title='bbox 264 4647 317 4731; x_wconf 88' lang='lat' dir='ltr'>lis,</span> <span class='ocrx_word' id='word_1_258' title='bbox 334 4655 369 4715; x_wconf 85' lang='lat' dir='ltr'>et</span> <span class='ocrx_word' id='word_1_259' title='bbox 384 4650 588 4716; x_wconf 88' lang='lat' dir='ltr'>habitarunt</span> <span class='ocrx_word' id='word_1_260' title='bbox 604 4653 640 4716; x_wconf 93' lang='lat' dir='ltr'>iu</span> <span class='ocrx_word' id='word_1_261' title='bbox 657 4652 742 4716; x_wconf 89' lang='lat' dir='ltr'>urbe</span> <span class='ocrx_word' id='word_1_262' title='bbox 756 4651 936 4718; x_wconf 87' lang='lat' dir='ltr'>Galilaeae</span> <span class='ocrx_word' id='word_1_263' title='bbox 954 4673 1042 4734; x_wconf 91' lang='lat' dir='ltr'>quae</span> <span class='ocrx_word' id='word_1_264' title='bbox 1060 4651 1257 4734; x_wconf 89' lang='lat' dir='ltr'>appellatur</span> <span class='ocrx_word' id='word_1_265' title='bbox 1266 4647 1452 4714; x_wconf 88' lang='lat' dir='ltr'>Nazareth.</span> 
     </span>
     <span class='ocr_line' id='line_1_37' title="bbox 262 4751 1454 4838; baseline -0.001 -22"><span class='ocrx_word' id='word_1_266' title='bbox 262 4751 432 4836; x_wconf 90' lang='lat' dir='ltr'>Iosephus</span> <span class='ocrx_word' id='word_1_267' title='bbox 449 4761 562 4818; x_wconf 88' lang='lat' dir='ltr'>autem</span> <span class='ocrx_word' id='word_1_268' title='bbox 575 4754 828 4836; x_wconf 84' lang='lat' dir='ltr'>professionem</span> <span class='ocrx_word' id='word_1_269' title='bbox 839 4754 924 4819; x_wconf 86' lang='lat' dir='ltr'>artis</span> <span class='ocrx_word' id='word_1_270' title='bbox 936 4754 1105 4838; x_wconf 87' lang='lat' dir='ltr'>lignariae</span> <span class='ocrx_word' id='word_1_271' title='bbox 1117 4757 1280 4836; x_wconf 87' lang='lat' dir='ltr'>repetens</span> <span class='ocrx_word' id='word_1_272' title='bbox 1291 4770 1454 4816; x_wconf 91' lang='lat' dir='ltr'>manuum</span> 
     </span>
    </p>
   </div>
   <div class='ocr_carea' id='block_1_9' title="bbox 0 0 1734 5640">
    <p class='ocr_par' dir='ltr' id='par_1_9' title="bbox 0 0 1734 5640">
     <span class='ocr_line' id='line_1_38' title="bbox 0 0 1734 5640; baseline 0 4"><span class='ocrx_word' id='word_1_273' title='bbox 0 0 1734 5640; x_wconf 95' lang='lat' dir='ltr'> </span> 
     </span>
    </p>
   </div>
  </div>
 </body>
</html>
