3458 5640
721 597 993 649 PROLEGOMuNh.
1414 616 1460 661 mr

347 749 379 832 2)
401 746 501 813 Prior
522 768 600 830 pars
623 747 658 812 in
681 746 826 830 antiquis
848 745 1016 812 codicibus
1039 748 1178 832 graecis,
1200 748 1281 815 item
1303 748 1338 814 in
1360 753 1458 833 copto

263 860 457 944 interprete,
485 881 580 925 suum
605 859 770 943 quendam
796 857 894 924 linem
920 858 1108 943 habetque
1136 858 1282 926 libellum
1308 860 1459 927 concludi

263 976 409 1056 apparet.
457 971 551 1057 erae
579 971 727 1038 clausula
754 970 889 1038 Thiloni
916 971 951 1037 in
979 971 1105 1038 duobus
1133 976 1263 1037 tant'um
1292 973 1458 1040 codicibus

263 1086 390 1168 graecis
412 1085 547 1150 inventa
570 1107 636 1150 uon
659 1089 748 1150 recte
771 1085 841 1148 visa
864 1087 915 1150 est
936 1084 978 1149 ab
1000 1084 1155 1168 imperito
1177 1084 1313 1150 librario
1330 1085 1459 1151 adiecta

263 1218 343 1263 csse.
385 1197 438 1263 De
467 1201 542 1263 octo
572 1197 659 1263 enim
688 1196 854 1264 codicibus
877 1196 1000 1262 nostris
1024 1197 1080 1280 qui
1102 1197 1136 1261 in
1159 1217 1292 1262 censum
1314 1198 1459 1280 veniunt,

263 1313 330 1374 tres
352 1308 464 1391 paullo
488 1314 565 1374 ante
588 1308 752 1390 deficiunt,
775 1307 894 1389 reliqui
917 1328 995 1372 vero
1014 1307 1159 1390 quinque
1183 1327 1305 1391 omnes,
1328 1308 1459 1391 quibus·

263 1439 336 1482 cum
364 1419 459 1484 testis
488 1424 604 1502 coptus
633 1419 810 1502 consentit,
842 1439 912 1483 eam
941 1417 1121 1483 clausulam
1148 1418 1280 1485 habent.
1329 1418 1459 1484 Rursus

263 1550 340 1594 vero
369 1529 465 1595 latini
494 1531 623 1597 codices
646 1551 730 1614 quos
756 1531 902 1614 priorem
928 1533 1058 1613 partem
1082 1552 1149 1595 non
1171 1530 1241 1596 sine
1265 1529 1370 1595 altera
1392 1534 1458 1596 tra·

264 1641 341 1707 dere
363 1642 520 1725 vidimus,
543 1642 628 1708 banc
651 1642 830 1708 clausulam
853 1663 1006 1726 graecam
1028 1642 1150 1725 partim
1172 1641 1270 1725 plane
1293 1643 1459 1724 omittunt,

263 1754 385 1837 partim
397 1757 419 1839 ¹)
450 1755 566 1839 paucis
597 1755 756 1821 similibus
787 1754 983 1837 exprimunt.
1034 1753 1109 1839 Qua
1137 1775 1210 1819 cum
1238 1775 1273 1818 re
1305 1754 1460 1821 cohaeret

264 1866 351 1948 quod
375 1867 546 1932 exordium
566 1868 727 1933 secundae
746 1866 851 1950 partis
867 1865 1142 1949 quemadmodum
1157 1886 1178 1930 a
1192 1865 1305 1931 latinis
1321 1866 1460 1932 testibus

265 1977 408 2042 traditur
430 1978 510 2043 satis
533 1978 643 2045 differt
665 1999 685 2042 a
708 1999 825 2061 graeco
849 1983 920 2060 text
944 2027 950 2041 .

350 2107 381 2189 3)
410 2105 526 2190 Ipsum
549 2107 685 2172 alterius
707 2105 813 2189 partis
838 2109 1082 2189 argumentum,
1111 2104 1151 2169 de
1174 2125 1239 2187 quo
1262 2108 1339 2187 post
1361 2123 1460 2188 expo·

265 2236 392 2301 nemus,
420 2239 479 2303 per
502 2240 536 2287 se
559 2224 639 2302 stat,
666 2218 815 2303 quamvis
838 2217 943 2302 priori
969 2238 1036 2284 non
1064 2237 1200 2302 prorsus
1227 2216 1459 2283 inconveniens

265 2330 317 2395 sit.
361 2329 529 2399 Sermonis
551 2352 683 2416 quoque
712 2331 822 2417 graeci
851 2335 885 2396 et
911 2329 980 2396 stili
1006 2330 1041 2395 in
1070 2334 1210 2413 utroque
1233 2329 1346 2412 aliqua
1368 2328 1459 2412 diffe-

264 2442 372 2508 rentia
402 2445 580 2527 conspicua
611 2450 669 2509 est.
721 2442 864 2509 Accedit
895 2441 983 2524 quod
1015 2445 1125 2507 textus
1156 2442 1191 2506 in
1221 2441 1332 2524 priore
1362 2447 1458 2526 parte

263 2554 382 2619 mirum
406 2555 440 2620 in
462 2555 594 2621 modum
617 2555 769 2636 fluctuat,
796 2555 831 2618 in
853 2553 1037 2637 posteriore
1061 2552 1204 2636 quadam
1226 2548 1458 2620 testium'co'n·

262 2666 413 2733 censione
436 2667 550 2732 utitur.
830 2658 836 2670 ’
1417 2673 1420 2677 ’

346 2796 380 2876 4)
411 2793 647 2861 Memorabiles
679 2792 830 2877 inprimis
859 2792 924 2857 duo
955 2790 1019 2857 loci
1052 2792 1142 2873 sunt,
1170 2789 1222 2856 vel
1239 2790 1363 2874 'potius
1391 2790 1456 2856 duo
1582 2869 1586 2877 ι

262 2904 410 2972 locorum
441 2907 646 2991 geminorum
677 2905 789 2989 paria:
825 2903 921 2970 alteri
952 2902 1073 2987 prioris
1104 2901 1345 2986 partissunt,
1362 2900 1458 2966 alteri

262 3019 470 3102 posterioris;
494 3018 591 3085 alteri
612 3018 713 3084 verba
734 3016 874 3082 latronis
896 3015 930 3082 in
953 3036 1049 3081 cruce
1071 3014 1270 3098 alloquentis
1289 3013 1458 3080 dominum

264 3129 410 3210 tradunt,
432 3128 528 3195 alteri
551 3130 593 3196 ad
611 3151 706 3195 usum
720 3130 895 3195 verborum
910 3127 1035 3195 Christi
1058 3125 1265 3210 spectantia
1288 3125 1457 3209 evangelio

265 3239 373 3305 Marci
396 3239 494 3322 XVI,
520 3244 566 3306 16.
590 3240 840 3324 adscriptorum.
885 3238 997 3306 Verba
1019 3237 1106 3302 enim
1128 3236 1268 3302 latronis
1284 3236 1376 3300 vGest.
1394 3237 1456 3300 Pil.

261 3353 358 3437 pari
381 3351 487 3435 capite
512 3351 570 3435 X,
599 3351 713 3417 eodem
736 3351 804 3416 iere
828 3350 925 3417 modo
948 3370 1013 3432 quo
1038 3347 1125 3431 apud
1147 3347 1287 3428 Lucam,
1309 3347 1358 3411 sic
1381 3347 1458 3411 scri·

261 3462 385 3528 buntur
400 3462 579 3547 Mpdeburi
602 3458 673 3546 μου,
696 3461 790 3547 κύριε,
816 3461 877 3542 (ita
895 3477 916 3524 Α
935 3474 1014 3533 sinn
1035 3471 1079 3522 Bc
1098 3465 1132 3524 et
1154 3457 1224 3523 latt.
1240 3462 1308 3522 tres
1332 3456 1459 3522 addunt

263 3573 345 3658 ὄταμ
370 3576 491 3658 dadae)
517 3577 552 3658 ἐμ
568 3568 618 3657 ,τῇ
641 3577 794 3655 eneaelq
818 3597 890 3638 σου.
919 3571 1045 3640 Contra
1061 3574 1203 3636 Descens.
1222 3570 1293 3636 Chr.
1311 3572 1354 3634 od
1367 3573 1456 3656 inser.

263 3708 332 3770 cap.
356 3687 400 3752 X.
427 3687 477 3752 ita
499 3686 622 3753 habent
645 3686 758 3772 Κύριε,
787 3685 846 3751 ὅτε
869 3685 1100 3760 Βασιλεύσεισ,
1125 3682 1167 3767 μή
1192 3707 1254 3766 μου
1277 3681 1456 3747 ἐωιλάθου.

264 3799 360 3866 Haec
381 3800 543 3866 eiusmodi
565 3804 643 3865 sunt
664 3805 701 3864 ut
723 3804 862 3882 uterque
890 3803 1000 3864 textus
1023 3797 1065 3862 ab
1088 3796 1203 3863 eodem
1226 3800 1361 3861 auctore
1382 3816 1457 3878 pro-

263 3891 373 3978 fectus¹
392 3933 463 3978 esse
486 3915 637 3996 nequeat.
675 3912 788 3995 Atque
812 3910 925 3976 eadem
948 3909 1035 3976 ratio
1060 3912 1110 3974 est
1133 3907 1281 3973 locorum
1300 3907 1382 3972 Gest.
1394 3908 1456 3971 Pil.

259 4048 309 4111 pr.
331 4026 362 4091 Α
389 4023 494 4106 XVI,
520 4027 546 4090 1.
568 4029 602 4090 et
624 4024 766 4089 Derceita
793 4023 866 4090 Chr.
889 4025 933 4087 od
957 4025 1046 4107 inser.
1069 4020 1121 4103 II,
1144 4023 1173 4085 2.
1222 4019 1340 4085 Priore
1371 4018 1458 4084 enim

262 4135 334 4201 loco
359 4136 511 4203 Christus
534 4135 574 4201 de
603 4141 714 4202 monte
742 4134 784 4200 ad
813 4132 921 4201 coelos
948 4153 1143 4198 ascensurus
1168 4129 1336 4213 discipulis
1364 4151 1456 4213 prae-

261 4248 342 4331 cipit
363 4247 412 4312 '0
435 4248 635 4312 ωιστεύσασ
662 4251 712 4312 καῖ
736 4246 941 4310 aceretem
965 4243 1177 4319 σωθήσεται,
1208 4242 1225 4307 ὁ
1249 4245 1286 4306 δὲ
1310 4241 1457 4307 dmrcre'r·

262 4385 332 4424 σασ
361 4359 649 4445 κατακριθύσεται,
679 4357 953 4444 quemadmodum
981 4357 1064 4422 haec
1086 4355 1211 4422 Christi
1234 4354 1334 4422 verba
1358 4355 1458 4421 etiam

261 4472 348 4558 apud
373 4473 545 4557 (Pseudo)
575 4474 727 4540 Marcum
757 4472 920 4556 leguntur.
964 4468 1156 4537 Posteriore
1189 4468 1261 4535 loco
1293 4466 1457 4534 Iohannes

345 4693 367 4757 ¹)
388 4694 455 4745 Vide
475 4693 581 4745 codices
601 4698 707 4745 nostros
727 4691 793 4742 lssc
813 4707 874 4758 pag.
888 4692 946 4742 366.
