3458 5640
347 631 577 683 arenosorum
597 632 788 683 rueramus
805 631 995 683 snsnrcuu.
1030 615 1097 683 nni.
1117 632 1200 683 rum.
1309 615 1373 696 203

175 783 291 860 autem
311 780 550 864 respondisset
570 779 732 846 dominus
748 780 865 864 Iesus,
889 780 978 846 filios
998 769 1142 847 Israelis
1158 779 1374 866 Aethiopum

176 885 287 950 instar
310 904 385 950 asse
411 884 504 949 inter
528 886 692 968 populos,
719 884 883 950 dixerunt
906 885 1085 950 mulieres:
1125 884 1195 968 Tu,
1223 886 1372 969 domine,

177 989 291 1054 omnia
312 988 403 1053 nosti
426 1009 539 1071 neque
561 993 595 1053 te
613 989 798 1073 quicquam
816 990 918 1069 latet3
942 1009 1035 1054 nuno
1052 1009 1132 1055 vero
1155 995 1189 1055 te
1211 1012 1373 1075 rogamus

177 1096 212 1157 et
231 1091 396 1174 apiatate
413 1097 474 1157 tua
489 1092 641 1174 petimus
663 1097 703 1157 ut
717 1112 846 1176 pueros
868 1092 953 1157 istos
974 1113 1089 1158 servos
1106 1099 1183 1159 tuos
1204 1094 1240 1158 in
1257 1094 1374 1178 pristi-

177 1216 256 1259 num
281 1195 434 1277 ipsorum
461 1200 587 1260 statum
613 1194 790 1260 restituas.
835 1193 937 1259 Dixit
961 1216 1043 1279 ergo
1070 1195 1229 1261 dominus
1255 1195 1371 1262 Iesus:

175 1295 319 1377 Adeste,
342 1318 360 1362 o
376 1297 487 1380 pueri,
509 1305 547 1361 ιιι
565 1296 730 1363 abeamus
748 1304 783 1363 et
799 1297 974 1378 ludamus;
996 1303 1031 1363 et
1048 1298 1218 1381 extemplo
1235 1296 1374 1364 adstan-

175 1400 268 1465 tibus
285 1399 381 1464 hisoe
399 1399 539 1464 lerninis
557 1400 658 1465 haedi
677 1401 713 1465 in
730 1421 856 1484 pueros
876 1401 998 1466 mutati
1017 1406 1107 1467 sunt.

651 1623 772 1692 Onrur
795 1623 893 1690 XLI.

259 1796 383 1864 Mense
403 1804 518 1864 autem
534 1796 633 1865 Adar
648 1798 750 1865 Iesus
772 1800 808 1864 in
824 1797 963 1864 modum
979 1798 1072 1884 regis
1089 1811 1215 1882 pueros
1233 1811 1374 1885 congre·

177 1905 283 1989 gavit:
309 1903 363 1969 illi
384 1911 496 1970 vestes
519 1925 599 1970 suas
625 1904 721 1970 humi
743 1910 954 1986 straverunt,
981 1905 1056 1988 ipse
1086 1924 1191 1988 super
1216 1924 1274 1970 eas
1296 1925 1374 1970 con-

173 2006 278 2073 sedit.
313 2006 401 2073 'I'um
419 2029 579 2074 coronam
605 2030 645 2073 ex
667 2008 811 2074 floribus
831 2015 1024 2074 consertam
1042 2008 1149 2092 capiti
1172 2007 1247 2074 aius
1269 2008 1375 2093 impo·
1418 2013 1420 2018 ’

177 2118 323 2178 suerunt
344 2117 378 2178 et
393 2111 686 2177 cubiculariorum
708 2112 908 2197 instar1·egi
927 2111 1142 2178 adstantium
1165 2111 1322 2178 adextra
1341 2121 1375 2178 et

177 2215 320 2281 sinistra
336 2236 449 2282 coram
466 2217 542 2300 ipso
563 2217 805 2282 constiterunt.
838 2214 1057 2300 Quicumque
1077 2221 1193 2281 autem
1208 2215 1374 2300 perviam

177 2318 271 2384 illam
296 2320 482 2402 transibat,
507 2319 606 2385 illum
631 2320 663 2384 vi
689 2319 939 2386 abstrahebant
963 2319 1063 2403 pueri
1092 2319 1262 2385 dicentes:
1293 2318 1375 2384 Huc

177 2422 260 2487 ades
278 2428 312 2487 et
328 2444 443 2508 regem
460 2423 577 2505 adora,
595 2422 723 2490 deinde
740 2424 774 2488 in
793 2423 847 2488 via
863 2431 923 2487 tua
941 2444 1058 2507 perge.

643 2645 764 2713 Curua
787 2644 906 2711 XLII.

259 2816 415 2896 Interea,
438 2815 518 2881 dum
541 2816 627 2881 haec
647 2816 873 2900 gerebantur,
896 2810 1110 2881 accedebant
1127 2816 1192 2882 viri
1209 2818 1268 2901 qui
1290 2824 1372 2902 plra-

176 2942 250 2986 rum
267 2919 459 3005 gestabant.
483 2918 554 2984 Hic
571 2919 663 2985 onim
673 2940 761 3004 puer
776 2919 872 3004 lign'a
887 2918 1061 3004 petiturus
1073 2931 1149 2985 cum
1165 2919 1372 3006 aequalibus

176 3024 248 3090 suis
270 3025 305 3088 in
325 3030 476 3090 montem
496 3024 720 3105 discesserat,
743 3024 793 3090 ibi
808 3044 888 3090 vero
911 3045 987 3089 cum
1009 3022 1162 3108 perdicis
1178 3023 1299 3091 nidum
1321 3026 1373 3092 in·

175 3130 342 3211 venisset,
366 3137 400 3195 et
420 3151 559 3194 manum
581 3149 677 3194 suam
699 3134 738 3194 ut
757 3148 820 3194 ova
842 3125 966 3193 exinde
985 3126 1128 3193 tolleret
1149 3128 1371 3212 extendisset,

177 3254 320 3317 serpens
338 3255 415 3299 eum
431 3232 604 3317 malignus
622 3254 664 3297 ex
679 3231 792 3297 medio
812 3230 893 3296 nido
910 3231 1069 3314 pupugit,
1087 3232 1135 3295 ita
1152 3235 1190 3295 ut
1205 3232 1374 3298 auxilium

177 3337 370 3403 advocaret.
396 3334 542 3402 Sodales
554 3355 631 3399 cum
641 3355 787 3418 propere
799 3334 1040 3415 accessissent,
1056 3333 1373 3401 inveneruntillum

176 3441 212 3504 in
228 3447 322 3505 terra
337 3440 507 3505 iacentem
524 3438 651 3504 mortui
668 3437 794 3517 instar;
816 3442 888 3502 tum
904 3442 1075 3502 venerunt
1092 3438 1281 3530 propinqui
1298 3441 1373 3507 eius

176 3566 323 3628 eumque
349 3544 384 3608 in
412 3542 532 3608 urbem
557 3541 780 3607 referendum
805 3542 1033 3626 sustulerunt.
1079 3541 1269 3626 Postquam
1294 3565 1373 3610 vero

175 3652 405 3732 pervenerant
424 3646 468 3713 ad
485 3647 597 3713 locum
618 3667 696 3710 eum
717 3646 753 3710 in
775 3666 842 3729 quo
866 3645 1027 3711 dominus
1043 3644 1144 3712 Iesus
1167 3668 1260 3712 more
1283 3649 1374 3733 regis

173 3754 360 3835 residebat,
377 3753 576 3836 caeterique
594 3752 695 3836 pueri
711 3751 949 3817 ministrorum
966 3751 1077 3817 instar
1093 3751 1375 3836 circumstabant,

174 3858 273 3942 pueri
290 3878 437 3940 propere
461 3856 595 3922 obviam
617 3859 866 3938 processerunt
889 3854 921 3920 ei
940 3855 999 3938 qui
1020 3877 1041 3920 a
1062 3862 1223 3940 serpente
1241 3877 1374 3922 morsus

175 3969 249 4027 erat
265 3968 300 4026 et
316 3960 480 4025 dixerunt
495 3958 702 4042 propinquis
726 3959 817 4024 eius:
852 3956 958 4042 Agite
976 3959 1125 4024 salutate
1143 3980 1269 4043 regem.
1305 3956 1374 4026 Sed

176 4085 251 4128 cum
273 4068 415 4144 propter
437 4082 626 4127 moerorem
651 4063 686 4125 in
708 4083 775 4143 quo
793 4061 1022 4126 versabantur
1042 4061 1210 4127 accedere
1231 4062 1374 4144 nollent,

174 4164 271 4248 pueri
290 4185 348 4230 eos
365 4164 491 4229 invitos
508 4165 539 4228 vi
557 4163 812 4228 abstraxerunt.
844 4162 985 4229 Etcum
1004 4163 1047 4228 ad
1065 4162 1243 4228 domiuum
1258 4162 1376 4230 Iesum

173 4266 422 4351 pervenissent,
440 4268 573 4350 rogarit
588 4265 649 4331 ille
662 4287 768 4349 quare
785 4265 877 4331 hunc
888 4287 1034 4349 puerum
1045 4273 1233 4351 gestarent.
1256 4265 1375 4352 Atque

175 4370 244 4438 illis
266 4369 560 4457 respondentibus
583 4369 674 4455 quod
697 4390 840 4454 serpens
867 4370 981 4455 ipsum
1003 4371 1262 4454 momordisset,
1289 4372 1377 4437 dixit

176 4475 332 4543 dominus
351 4475 452 4543 Iesus
475 4476 608 4561 pueris:
640 4475 769 4541 Eamus
792 4483 831 4542 ut
852 4482 1050 4559 serpentem
1073 4475 1172 4543 illum
1193 4477 1377 4544 interlicia-

175 4603 261 4648 mus.
291 4581 509 4666 Rogantibus
526 4600 605 4646 vero
622 4580 828 4665 parentibus
850 4581 952 4665 pueri
975 4587 1015 4647 ut
1036 4581 1132 4647 abire
1155 4602 1191 4647 se
1209 4582 1375 4675 sinerent,

244 4776 311 4827 xm.
331 4777 422 4825 deinde
434 4777 460 4823 in
473 4777 516 4825 oia
528 4780 573 4824 tua
582 4789 676 4838 perge:
695 4775 734 4824 ite
746 4773 786 4824 Fl·
800 4791 848 4839 pro
861 4775 967 4840 atsutia
979 4775 1026 4825 atr·
1037 4777 1088 4826 iter
1100 4774 1233 4840 cortiol'pat
