3458 5640
765 637 1037 690 eaonnsounnn.
1439 653 1505 702 nm

305 814 377 859 eum
399 790 676 875 interpretatione
693 788 800 855 latina
815 787 1046 872 complectitur
1059 765 1199 872 paginas
1217 790 1287 854 161.
1303 788 1410 854 forma
1425 788 1503 858 duo·

305 905 453 987 denaria;
476 908 575 970 notae
591 923 677 985 quae
696 907 824 969 textum
848 901 1015 984 excipiunt
1030 903 1080 966 94.
1116 899 1202 969 Sikii
1217 901 1402 967 versionem
1418 922 1503 967 eem-

304 1040 367 1101 que
400 1017 506 1083 solam
541 1016 749 1100 repetierunt
785 1015 819 1080 in
856 1013 1119 1098 apocryphorum
1156 1014 1405 1093 collectionibus
1435 1014 1503 1081 suis

304 1130 520 1196 Fabricius
543 1134 576 1195 et
597 1128 800 1210 Ionesius‚
825 1127 904 1193 item
927 1125 1002 1192 Car.
1023 1126 1100 1194 Chr.
1121 1126 1205 1192 Lud.
1226 1126 1501 1210 Schmidius1).

303 1241 477 1306 Fabricius
509 1245 637 1305 textum
668 1239 755 1321 apud
781 1238 909 1305 Siluium
941 1237 1132 1303 continuum
1165 1240 1199 1302 in
1231 1238 1342 1321 capita
1368 1237 1432 1304 LV
1455 1239 1501 1302 di-

305 1353 435 1434 stinxit,
463 1350 657 1433 arldiditqne
685 1355 796 1430 notae,
823 1349 1000 1413 maximam
1025 1348 1157 1430 quidem
1185 1354 1315 1430 partem
1338 1347 1502 1415 Sikianas.

302 1463 456 1546 Denique
488 1483 593 1544 nuper
630 1461 668 1526 el.
698 1459 815 1525 Thilo
853 1480 926 1524 cum
957 1459 1107 1524 versione
1139 1456 1225 1525 Silii
1258 1457 1364 1523 latina
1400 1458 1502 1523 etiam

303 1580 430 1641 textum
467 1573 636 1639 arabicum
673 1571 886 1655 repetendum
919 1571 1047 1636 curavit
1077 1592 1151 1635 curn
1183 1570 1310 1636 delectu
1345 1572 1501 1636 notarum

302 1686 400 1772 primi
424 1685 572 1770 editoris,
595 1690 833 1769 praetereaque
855 1684 888 1749 in
913 1683 1156 1768 prolegomenis
1178 1683 1329 1767 inprimis
1352 1680 1502 1750 decedi·

303 1801 394 1866 cibus
421 1799 655 1883 manuscriptis
683 1798 787 1881 deque
818 1798 891 1882 ipso
921 1797 1033 1864 libello
1061 1819 1082 1862 a
1107 1796 1209 1862 variis
1237 1795 1501 1862 Christianorum

305 1911 515 1979 orientalium
537 1911 671 1976 familiis
693 1915 826 1993 recepto
850 1910 956 1974 fusius
979 1914 1013 1974 et
1035 1910 1222 1975 accuratius
1241 1908 1406 1974 disseruit.
1449 1909 1501 1976 De

304 2029 398 2089 textu
420 2023 553 2089 arabico
577 2022 712 2104 eiusque
734 2021 885 2086 versione
908 2022 962 2086 ille
987 2021 1067 2086 baec
1090 2021 1275 2086 adnotavit:
1304 2023 1415 2084 Tectae
1429 2045 1501 2085 ero·

304 2136 364 2199 dici
391 2139 589 2221 versionieqne
619 2135 730 2198 manae
760 2137 833 2198 vitia
864 2134 980 2220 aliqrrot
1005 2136 1192 2197 (locassemus
1220 2134 1333 2220 colleqc
1355 2135 1500 2221 Boedr‘ye-

304 2271 358 2312 rue
378 2251 544 2313 ememlavit
564 2251 596 2311 in
616 2249 825 2334 speciminibus
848 2249 1074 2334 typographicis
1095 2250 1133 2312 ab
1156 2252 1220 2333 apso
1243 2251 1391 2312 correctis.

388 2360 440 2428 De
462 2365 601 2428 nostro
623 2360 722 2427 huius
745 2360 906 2445 evangelii
930 2360 1076 2427 editione
1098 2361 1203 2426 latine
1220 2360 1303 2426 bene
1318 2359 1501 2444 promeruit

304 2473 533 2539 celeberrimus
561 2472 688 2557 collega
709 2473 928 2539 Fleiacher.
971 2472 1007 2537 Is
1031 2473 1117 2538 enim
1139 2493 1212 2539 meo
1235 2476 1355 2556 rogatu
1369 2470 1499 2538 ‘versio-

303 2606 376 2650 nem
400 2584 570 2652 Silianam
594 2587 742 2669 latinam‚
768 2585 1043 2669 quemadmodum
1065 2607 1086 2650 a
1107 2583 1248 2651 'Philone
1271 2582 1421 2651 exhibita
1440 2589 1499 2670 est3

303 2696 344 2760 ad
367 2697 535 2762 arabicum
558 2702 687 2762 textum
709 2698 905 2781 impressum
927 2698 1136 2787 recognovit:
1168 2696 1255 2763 unde
1281 2696 1368 2762 haud
1392 2702 1499 2781 p'euea

303 2808 506 2874 immutanda
529 2809 665 2893 censuit,
688 2810 751 2875 etsi
774 2809 992 2894 posteriorem
1014 2814 1144 2892 partem
1167 2809 1274 2874 minus
1290 2830 1391 2892 quam
1412 2810 1499 2893 prio·

303 2941 371 2984 rem
400 2921 553 2986 correxit.
596 2921 727 2986 Harum
755 2921 976 2987 mutationum
1004 2942 1060 2987 eas
1083 2942 1168 3005 quae
1192 2921 1317 3004 aliquid
1341 2921 1499 2987 momenti

302 3032 422 3099 habere
445 3033 641 3099 videbantur
662 3033 855 3117 plerumque
879 3033 912 3099 in
933 3033 1022 3099 notis
1039 3033 1191 3100 indicavi.
1227 3033 1333 3099 Error
1348 3033 1498 3117 inprimis

303 3143 458 3209 notabilis
482 3149 650 3210 correctus
674 3151 725 3210 est
747 3146 854 3229 capite
876 3145 970 3229 XX,
996 3146 1051 3212 ubi
1079 3148 1164 3225 Quid
1183 3150 1229 3209 rei
1249 3157 1299 3226 ert,
1323 3169 1340 3209 o
1362 3148 1500 3210 dominae

304 3279 393 3336 meae,
416 3257 453 3318 de
474 3257 529 3319 doc
550 3258 628 3319 malo
651 3256 857 3323 scribendum
875 3261 947 3323 erat
961 3278 1022 3340 pro
1049 3260 1152 3337 Quam
1170 3259 1306 3343 pulcher,
1330 3260 1500 3322 edominoe

304 3389 393 3446 meae,
417 3369 465 3430 bic
487 3368 585 3431 mulier
607 3379 656 3432 est.
693 3369 807 3434 Etiam
825 3369 992 3433 arabicum
1008 3373 1135 3434 textum
1150 3369 1359 3434 Fleiseherus
1375 3369 1498 3451 passim

303 3476 490 3541 emendavit
510 3478 545 3542 in
569 3479 746 3562 exemplari
768 3501 852 3560 mee,
875 3485 912 3544 nt
934 3501 1005 3562 cap.
1027 3479 1094 3544 ΠΙ.
1118 3481 1177 3562 bie,
1200 3479 1245 3544 X.
1267 3479 1327 3561 bis,
1350 3479 1415 3544 XI.
1438 3480 1497 3563 bis,

302 3585 385 3651 XX.
413 3586 478 3669 bis,
508 3587 629 3654 XXX
657 3589 818 3655 XXXII.
845 3589 1060 3658 XXXVIII.
1088 3590 1268 3656 XXXIX.
1299 3590 1498 3656 XXXXII.

301 3696 503 3766 XXXXV:
542 3701 603 3772 sed
629 3700 711 3769 haec
743 3703 929 3769 accuratius
962 3702 1109 3769 indicare
1140 3726 1160 3769 a
1191 3709 1306 3770 nostro
1343 3704 1497 3769 instItuto

301 3808 444 3876 alienum
468 3818 548 3878 erat.

388 4042 410 4108 ¹)
428 4042 522 4098 Edidit
541 4048 564 4097 ie
583 4052 611 4099 ct
629 4048 735 4112 quidem
755 4050 986 4114 negligentissimo
1013 4051 1109 4113 Oorpue
1132 4052 1239 4101 omnium
1263 4046 1496 4116 rrerercmnpocry·

296 4129 406 4191 pteram
423 4135 498 4180 σπίνω
516 4131 608 4191 aazia,
627 4133 804 4183 lladnmariaa
823 4136 898 4184 1804.
917 4135 944 4184 in
964 4136 1119 4199 quo'latlne
1139 4137 1267 4200 leguntur
1285 4152 1380 4201 evang.
1400 4133 1432 4187 da
1451 4152 1496 4187 na·

299 4214 410 4264 tivitate
428 4215 536 4275 Mariae,
556 4220 724 4284 evangelium
743 4220 876 4270 infantiae
894 4220 1036 4277 arabicum,
1056 4220 1223 4286 evangelium
1243 4220 1393 4271 Nicodemi.

792 4503 1005 4512 ———-—
