3458 5640
166 642 190 668 2
262 616 363 662 amr
725 598 995 653 raonnuouaus.

306 769 324 815 e
347 751 368 814 i.
384 770 410 815 e.
424 749 530 814 Paris.
544 749 626 832 Reg.
641 770 729 814 nunc
744 749 878 816 Nation.
899 772 986 816 num.
999 752 1068 815 770.
1090 755 1243 817 exaratus
1258 771 1345 816 anuo
1363 753 1455 817 1315.

347 881 446 927 manu
462 861 598 944 Georgii
614 862 801 927 sacerdotis.
844 861 893 928 Gi.
908 861 1091 929 Montlauc.
1108 862 1280 945 Palaeogr.
1296 883 1343 946 gr.
1358 884 1388 946 p.
1405 866 1455 928 66.

305 1031 307 1034 ⁴
348 971 409 1038 sub
436 971 506 1064 cod.
529 969 674 1038 Colbert.
697 975 791 1039 2493.
835 972 917 1039 Post
940 973 1110 1039 Birehium
1136 974 1238 1039 multo
1267 974 1455 1041 accuratius

349 1083 489 1150 eontulit
515 1090 549 1150 et
575 1083 678 1151 edidit
709 1085 796 1170 (vide
824 1090 913 1168 ante)
938 1085 1049 1168 Thilo,
1080 1086 1166 1169 apud
1195 1106 1292 1170 quem
1320 1087 1404 1171 siglo
1433 1107 1456 1152 s

346 1202 488 1262 notatur.
1356 1206 1361 1216 '

171 1296 175 1313 Ι
304 1346 327 1392 u
349 1327 369 1392 i.
385 1349 412 1393 e.
426 1327 531 1393 Paris.
547 1327 629 1411 Reg.
645 1349 732 1393 nuuc
747 1324 781 1393 N
783 1328 883 1393 ation.
899 1331 1090 1394 num.=1021.
1105 1330 1228 1395 saeculi
1237 1329 1317 1399 XV.
1328 1329 1455 1411 (Thilo-

347 1439 398 1503 nis
417 1447 459 1521 e).
503 1439 571 1504 Hie
594 1444 745 1504 aetorum
768 1443 880 1505 textus
902 1439 998 1522 plura
1020 1441 1087 1505 alia
1109 1442 1225 1506 similis
1247 1442 1376 1523 generis
1399 1440 1455 1506 ad·

346 1550 450 1614 mixta
463 1549 578 1630 hubet3
599 1550 648 1613 itu
669 1554 744 1631 post
766 1548 936 1614 exordium
954 1551 1096 1632 priorem
1111 1557 1239 1634 partem
1254 1551 1456 1616 narrationis

346 1658 480 1742 Iosephi
495 1660 755 1725 Arimathiensis
771 1660 879 1743 habet
902 1662 980 1725 item
1003 1661 1195 1727 relationem
1219 1664 1335 1727 mortis
1350 1661 1456 1746 sepul-

346 1762 453 1836 turae¹
465 1775 499 1835 et
521 1771 774 1836 resurrectionis
791 1769 916 1837 Christi
938 1773 1073 1856 proprio
1096 1773 1193 1838 modo
1210 1794 1250 1838 ex
1264 1774 1365 1838 variis
1382 1794 1457 1839 con·

346 1880 551 1964 glutinatam.
595 1881 708 1948 Solam
726 1882 866 1947 mediam
880 1882 1078 1965 particulam
1102 1904 1173 1967 cap.
1187 1883 1353 1951 I—VIII.
1369 1905 1456 1949 com·

347 1992 545 2075 plectentem
560 1992 601 2057 ed
618 1994 888 2058 commentarium
904 2014 999 2058 suum
1008 1992 1105 2059 Thilo
1121 1994 1342 2060 adhibendum
1355 1994 1457 2060 duxit.

347 2103 427 2168 Hoc
448 2102 559 2169 codice
583 2102 728 2184 Congius
750 2105 785 2168 in
808 2103 980 2172 Glossario
1002 2107 1127 2187 passim
1150 2127 1229 2170 usus
1251 2111 1311 2171 est.

304 2251 326 2296 u
346 2231 366 2295 i.
382 2253 408 2296 e.
423 2232 500 2298 Per.
514 2230 596 2315 Reg.
611 2253 698 2297 nune
713 2230 791 2298 Nat.
805 2254 893 2298 num.
910 2235 980 2298 929.
996 2232 1118 2298 saeculi
1134 2232 1214 2299 XV.
1231 2233 1396 2315 (Thilonis
1412 2239 1457 2315 n).

346 2342 388 2408 In
411 2343 473 2409 hoe
495 2365 562 2409 non
584 2349 714 2410 tantum
736 2344 868 2410 initium
884 2350 917 2411 et
931 2343 1005 2410 finis
1022 2343 1259 2426 desiderantur,
1283 2345 1339 2411 sed
1355 2346 1456 2411 etium

346 2457 443 2539 plura
464 2457 572 2523 media
594 2457 795 2539 exciderunt,
817 2457 906 2523 foliis
928 2458 1066 2541 singulis
1083 2458 1217 2542 insuper
1232 2478 1385 2542 perverse
1400 2480 1457 2542 po-

284 2564 289 2575 '
347 2569 428 2635 sitis.
460 2567 619 2636 Continet
633 2591 704 2654 cap.
719 2570 747 2636 Ι.
762 2571 804 2636 ab
819 2570 915 2636 initio
931 2570 1084 2636 mutilum
1099 2592 1204 2656 usque
1220 2570 1263 2637 ad
1279 2570 1456 2655 capVIII.

346 2682 500 2748 medium:
524 2704 623 2766 porro
643 2704 712 2765 cap.
729 2681 835 2748 XIII.
852 2703 923 2747 cum
939 2689 1034 2767 parte
1050 2683 1170 2766 capitis
1185 2682 1290 2751 XIV:
1314 2684 1456 2766 denique

349 2814 440 2877 capp.
457 2793 526 2862 XV
542 2800 575 2860 et
593 2792 693 2862 XVI.
731 2793 824 2879 Quas
843 2799 956 2876 partes
975 2814 1087 2859 omnes
1103 2795 1245 2859 contulit
1259 2793 1374 2875 Thilo;
1396 2815 1457 2859 nos

346 2905 430 2969 nihil
452 2910 586 2987 practer
608 2905 778 2970 exordium
802 2905 1009 2979 contulimus.

306 3053 327 3097 r
347 3033 369 3097 i.
385 3053 411 3097 e.
425 3031 622 3117 Ambrosii
634 3035 684 3098 92.
707 3031 756 3099 Ol.
771 3033 813 3098 ad
827 3040 1017 3117 proterang.
1033 3032 1148 3099 Iacobi
1165 3034 1309 3100 codicem
1322 3056 1350 3099 r.
1372 3034 1456 3100 Inde

348 3145 579 3227 exscripsimus
594 3144 725 3212 initium
740 3165 845 3228 usque
869 3143 1022 3231 κᾶκεῖμόσ
1042 3169 1093 3230 μοι
1115 3144 1328 3231 ἑρμήμευσεμ.
1358 3149 1456 3233 λέγει

349 3256 470 3320 adrolo
498 3253 727 3342 dllmdrou¹l
759 3255 792 3338 I,
814 3261 858 3341 4.,
888 3259 968 3322 item
990 3257 1088 3323 finem
1118 3263 1167 3321 εἵη
1195 3249 1306 3342 seipsos
1334 3258 1351 3322 ὃ
1375 3257 1457 3322 θεὸσ

349 3368 443 3455 ἧμῶμ
467 3369 536 3455 μεθ’
564 3369 658 3456 ἧμῶμ
682 3391 787 3454 usque
809 3377 882 3456 τῶμ
907 3375 1059 3456 αῑώμωμ·
1099 3362 1195 3456 ἆμιὶμ.

307 3518 328 3563 e
348 3500 368 3565 i.
378 3520 404 3565 e.
420 3498 572 3565 Ambros.
587 3500 622 3564 A
637 3502 687 3565 56.
703 3499 827 3564 sacculi
836 3499 915 3569 XV.
944 3500 1189 3582 Exscripsimus
1205 3500 1335 3563 initium
1352 3521 1457 3582 usque

349 3609 434 3695 μετὰ
457 3612 625 3675 ἑωιοικῐασ
649 3612 724 3693 (sic)
749 3610 878 3696 ἆχθήτο
903 3611 978 3692 (sic)
1003 3607 1021 3674 ὅ
1045 3615 1081 3676 ud
1102 3608 1132 3699 I²
1153 3613 1181 3675 2.
1204 3610 1299 3693 med,
1322 3611 1404 3674 item
1427 3613 1458 3673 oi

305 3739 307 3743 ·
348 3723 385 3784 δὲ
413 3715 586 3807 λαθόμτεσ
613 3721 654 3786 τὸ
683 3722 836 3809 ἆργύριομ
867 3743 972 3806 usque
994 3725 1089 3787 ἴδετε
1117 3722 1209 3806 ἅωερ
1240 3721 1456 3808 ἑῖκγιῖσασθε

349 3833 460 3916 ΧΠΙ,
483 3834 656 3920 d—XIV‚
678 3837 722 3917 2.,
750 3841 782 3900 el
806 3830 962 3920 καλοῦσιμ
985 3825 1094 3921 ωᾶλιμ
1118 3817 1272 3939 spumata
1296 3835 1371 3917 (sic)
1396 3833 1456 3934 τρμ

347 3949 440 4032 ῖερέα
462 3985 504 3996 -—
525 3953 598 4032 τῶμ
624 3951 776 4032 αῑώμωμ·
809 3945 904 4032 ἆμήμ.
942 3944 1042 4030 XVI,
1064 3948 1093 4012 3.
1116 3969 1219 4030 traque
1242 3946 1349 4012 finem.

307 4097 332 4140 Η
348 4077 370 4141 i.
386 4098 412 4142 e.
428 4076 599 4158 Harleian.
616 4077 708 4142 5636.
730 4077 853 4141 saeculi
869 4075 937 4141 lere
952 4075 1031 4144 XV.
1057 4075 1302 4158 Exseripsimus
1325 4078 1456 4141 initium

349 4207 453 4269 usque
477 4186 577 4271 Κύριε
600 4193 697 4250 anast
719 4208 760 4249 σε
784 4185 866 4266 (cod.
882 4182 1039 4268 καλεῖσαι)
1064 4185 1082 4249 ὁ
1106 4183 1256 4272 ᾖγεμώμ.
1302 4186 1380 4249 ὅδὲ
1399 4188 1457 4249 Πι·

349 4297 471 4373 Adrou,
494 4298 574 4361 item
597 4301 646 4359 καὶ
670 4297 788 4360 καθὼσ
810 4299 972 4382 λέγουσιμ
989 4301 1019 4360 oi
1034 4303 1128 4380 τρεῖσ
1144 4296 1333 4361 διδάσκαλοι
1353 4318 1457 4381 usque

350 4512 371 4578 ¹)
390 4515 449 4565 Hoc
467 4531 565 4566 nomen
582 4516 658 4565 utin
677 4516 797 4580 untiquis
815 4516 884 4564 Novi
904 4514 1071 4565 Testamenti
1090 4514 1228 4565 codicibus
1247 4519 1289 4565 est
1310 4513 1358 4578 (ef.
1379 4516 1412 4563 N.
1425 4516 1456 4566 Τ.

264 4599 307 4650 sd.
326 4599 513 4652 Tisoheudorf.
538 4600 615 4651 1849.
651 4600 774 4666 Prolegg.
799 4616 825 4664 p.
846 4598 975 4662 XXXVI.)
999 4599 1130 4650 edidimus
1150 4593 1295 4656 Πιλᾶτοσ,
1320 4615 1374 4650 nou
1398 4616 1456 4650 eum

263 4686 457 4737 recentioribus
476 4684 617 4737 Gestorum
635 4686 717 4737 Pilsti
736 4685 813 4736 codd.
834 4680 976 4736 Πιλάτοσ.
