3458 5640
744 612 1017 665 Pnouneomcns.
1378 630 1482 678 xxm

281 764 377 827 vatis
398 785 510 827 eorum
556 763 724 828 XXXIII.
752 763 844 842 Quod
863 763 948 827 Iesus
968 766 1125 828 uescituoit
1139 786 1270 848 puerum
1292 786 1359 828 cum
1381 787 1415 828 eo
1437 764 1481 828 lu·

283 877 405 939 dentem.
465 876 631 940 XXXIV.
673 877 765 956 Quod
799 876 883 940 Iesus
918 880 1040 941 sonarit
1069 878 1177 961 pedem
1200 878 1352 960 findentis
1388 879 1480 964 lryna.

285 989 430 1052 XXXV.
460 990 552 1068 Quod
572 989 656 1053 una
681 990 783 1053 attulit
806 1011 919 1075 aptam
950 990 1053 1053 tectae
1074 988 1199 1053 Mariae
1229 992 1260 1054 in
1290 990 1388 1074 pallio
1418 1013 1481 1055 ruo.

284 1101 394 1165 XXX
399 1101 449 1164 VI.
473 1103 524 1165 Dc
546 1105 643 1166 tritico
666 1126 687 1165 a
706 1101 774 1165 Iesu
796 1103 1000 1187 multiplicato.
1047 1103 1157 1166 XXX
1161 1102 1230 1166 VII.
1254 1101 1306 1165 De
1328 1104 1408 1189 liyno
1424 1126 1484 1188 per

287 1213 383 1276 ksum
413 1215 547 1277 distorto.
600 1214 805 1279 XXXVIII.
836 1215 888 1277 Dc
910 1216 1040 1298 quodam
1068 1217 1213 1299 mayistro
1236 1214 1304 1298 Iesu
1331 1219 1394 1279 uita
1417 1219 1483 1300 pri-

285 1335 363 1386 vato.
409 1324 577 1389 XXXIX.
607 1327 659 1388 Dc
680 1327 809 1410 quodam
835 1325 896 1389 clio
918 1329 1063 1410 mapuuo
1087 1326 1171 1404 Iesu,
1200 1330 1285 1388 cuius
1306 1327 1485 1410 batipnitate

287 1434 370 1498 Iesus
395 1439 552 1499 suscitavit
572 1439 752 1522 moyirtrnm
774 1438 955 1521 desummm.
1001 1438 1092 1500 XL..
1109 1437 1265 1513 Quomodo
1288 1436 1372 1500 Iesus
1392 1459 1484 1500 eona-

285 1551 329 1610 vit
341 1547 448 1632 Ioseph
470 1571 491 1610 o
512 1571 621 1611 veneno
643 1551 771 1634 viperae.
817 1547 909 1611 XLI.
933 1549 984 1611 Dc
1005 1558 1114 1633 septem
1136 1548 1260 1612 muudus
1281 1559 1310 1612 ct
1330 1549 1484 1611 duodecim

281 1661 457 1744 passeribus
483 1669 512 1723 et
537 1661 652 1724 duotore
675 1663 779 1745 pueris
801 1683 859 1744 per
884 1660 981 1723 Iesum
1009 1661 1129 1723 auditis
1151 1664 1250 1724 morti.
1296 1660 1405 1724 XLII
1433 1660 1485 1724 De

279 1773 352 1855 filio
375 1774 532 1836 cuiusdam
555 1773 687 1837 mulieris
703 1795 761 1857 per
783 1772 882 1836 Iesum
903 1776 983 1836 uitae
1004 1774 1127 1836 reddito.
1173 1773 1301 1837 XLIII.
1328 1773 1485 1851 Quomodo
1566 1858 1567 1864 ἵ

288 1885 371 1947 Iesus
393 1887 519 1946 intrauit
539 1886 571 1946 in
593 1895 729 1969 cryptam
752 1885 879 1947 locaras.
926 1885 1014 1947 XLI
1019 1885 1051 1947 V.
1076 1886 1232 1962 Quomodo
1247 1907 1329 1970 amca
1345 1884 1486 1948 Iordanis

289 1996 385 2057 diuisa
407 2005 541 2058 estante
562 2017 617 2058 cos.
662 1994 770 2059 XLV.
799 1996 955 2072 Quomodo
977 1997 1136 2080 defunctio
1158 1999 1351 2059 resuscitatus
1370 2005 1414 2059 est
1427 2018 1486 2080 per

289 2107 446 2169 sudarium
476 2106 591 2191 Iosqrit.
651 2105 776 2169 XLVI.
815 2107 971 2183 Quomodo
1001 2107 1136 2170 Zoclrius
1168 2110 1288 2192 royauit
1317 2105 1423 2192 Ioseph
1459 2116 1488 2170 et

290 2218 428 2283 Mariam
451 2228 484 2283 ut
505 2219 657 2282 madment
678 2218 777 2282 Iesum
799 2222 944 2304 mayistro
968 2222 1085 2283 nominc
1102 2219 1186 2283 Ioui.
1233 2219 1376 2283 XLVII.
1404 2219 1486 2298 Quo-

290 2333 376 2396 modo
391 2332 475 2396 Icsus
491 2333 701 2415 sanctyicabat
721 2342 750 2396 ct
770 2314 958 2396 benedicebat
974 2336 1170 2399 convivantes.
1215 2333 1281 2396 XL
1289 2332 1377 2397 VIII
1399 2331 1485 2398 Com·

290 2446 438 2508 mendatio
461 2445 529 2508 Iesu
551 2456 580 2507 ct
601 2444 726 2508 Mariae
747 2448 854 2509 manu
876 2447 946 2508 ciue.
1540 2439 1543 2450 ’

375 2571 441 2639 Sed
472 2577 651 2657 antequam
681 2573 827 2639 dicamus
856 2572 897 2638 de
925 2571 1028 2638 altero
1055 2570 1140 2637 libro
1163 2571 1221 2655 qui
1244 2571 1283 2637 de
1312 2571 1485 2651 nativitate

290 2683 419 2749 Mariae
454 2685 667 2768 inscribitur,
705 2683 932 2770 explicandum
967 2688 1018 2749 eet
1049 2683 1088 2749 de
1126 2682 1247 2749 titulo
1285 2682 1486 2767 evangelii

292 2794 692 2861 Pseudo-Matthaei:
714 2796 781 2861 hoe
803 2796 891 2861 enim
913 2794 978 2878 ipsi
999 2794 1143 2878 priorem
1165 2793 1287 2859 librum
1309 2793 1488 2878 insignien-

292 2907 368 2971 dum
397 2906 561 2990 duximus,
592 2913 770 2991 postquam
796 2906 939 2973 editores
965 2927 1101 2990 operum
1126 2905 1323 2989 Hieronymi
1356 2906 1487 2989 aliique,

292 3038 432 3101 quorum
464 3017 649 3100 exemplum
679 3019 777 3083 etiam
807 3017 905 3084 Thilo
937 3022 1070 3083 secutus
1102 3022 1165 3097 est,
1201 3015 1322 3080 librum
1353 3016 1393 3081 de
1426 3039 1483 3083 na·

291 3129 424 3195 tivitate
454 3129 599 3210 Mariae,
636 3129 724 3212 apud
757 3151 817 3195 nos
851 3129 948 3195 tertio
981 3127 1054 3194 loco
1091 3129 1253 3210 positum,
1269 3219 1271 3224 .
1289 3149 1328 3193 eo
1360 3127 1489 3193 nomine

294 3240 455 3305 dixerunt.
513 3240 615 3307 Cuius
651 3242 700 3306 rei
736 3240 894 3306 indicium
930 3239 1018 3305 haud
1053 3238 1152 3305 dubie
1187 3239 1330 3322 primum
1370 3238 1491 3322 pendet

293 3371 314 3415 a
345 3350 492 3415 codicum
524 3352 737 3432 auctoritate,
774 3372 840 3417 non
876 3355 944 3416 tam
977 3349 1018 3415 ab
1052 3349 1124 3432 ipso
1158 3371 1197 3414 eo
1232 3370 1329 3432 quem
1368 3348 1491 3414 habent

294 3460 391 3524 titulo
414 3459 500 3540 libri,
524 3483 622 3543 quam
645 3460 685 3525 ab
708 3461 858 3544 epistolis
882 3462 1110 3543 episcoporum
1134 3466 1167 3525 et
1184 3459 1382 3542 Hieronymi
1403 3459 1489 3526 libro

295 3569 470 3652 praefixis:
502 3570 537 3635 in
564 3571 616 3635 hie
645 3571 729 3636 enim
759 3570 951 3636 Matthaeus
977 3569 1099 3636 diserte
1129 3575 1243 3635 auctor
1271 3568 1490 3653 praedicatur.

293 3681 444 3747 Iamvero
473 3703 539 3746 nou
563 3688 694 3747 tautum
717 3682 902 3751 Vaticanus
926 3681 1028 3748 codex
1050 3683 1079 3748 is
1103 3703 1200 3766 quem
1223 3682 1364 3748 maxime
1387 3682 1491 3748 secuti

293 3814 405 3858 eumue
426 3793 502 3858 illae
525 3794 681 3878 epistolas
704 3801 821 3860 nostro
845 3794 930 3860 libro
953 3794 1160 3878 praepositas
1183 3793 1292 3877 habet,
1314 3792 1491 3860 sedetiam

293 3903 377 3969 alter
399 3903 455 3969 ille
471 3904 631 3970 Cotelerii
645 3905 845 3970 Parisieneie
854 3906 878 3986 ¹)
904 3909 937 3969 et
956 3905 1176 3970 Laurentiani
1199 3905 1263 3971 duo
1287 3927 1307 3970 a
1329 3904 1491 3972 Bandinio

294 4019 449 4079 accurate
472 4013 640 4098 descripti,
663 4014 748 4081 alter
770 4015 891 4080 Medic.
915 4016 995 4099 plut
1011 4016 1114 4081 XIX.
1138 4016 1206 4082 cod.
1229 4019 1285 4099 10,
1308 4017 1392 4082 alter
1414 4016 1491 4083 bibl.

295 4122 327 4190 S.
352 4123 467 4190 Crucis
495 4125 577 4207 plut.
599 4124 678 4191 XV.
709 4125 778 4190 cod.
804 4126 897 4207 12²).
941 4125 1060 4209 Neque
1087 4127 1198 4210 aliter,
1226 4132 1264 4191 ut
1286 4127 1430 4209 ridetur,
1457 4128 1491 4193 in

381 4349 403 4416 ¹)
423 4351 463 4403 Gi.
483 4368 562 4417 cupre
581 4356 672 4403 notum
691 4353 718 4417 2)
737 4370 762 4418 p.
775 4352 871 4404 xx1v.

379 4435 404 4503 ²)
424 4438 463 4490 Cf.
482 4439 597 4491 Bandin.
617 4438 738 4506 catalog.
756 4440 778 4490 l.
797 4457 823 4505 p.
839 4441 906 4498 52³,
930 4441 975 4490 nbi
995 4440 1028 4492 de
1047 4443 1143 4507 priore,
1166 4457 1218 4507 quo
1237 4443 1394 4509 Hieronymi
1412 4459 1492 4509 opera

296 4526 463 4585 continetur,
487 4526 553 4575 hece
572 4526 732 4576 efferuntur:
759 4526 908 4593 Hieronymi
925 4525 1105 4592 epistolariae
1124 4530 1259 4594 praefatio
1277 4529 1304 4578 in
1322 4528 1388 4580 libro
1406 4530 1437 4579 de
1455 4533 1490 4579 tn·

288 4613 381 4678 santio
400 4612 546 4662 Saloutaria
563 4613 597 4662 cd
616 4614 787 4663 Crornantium
805 4619 830 4663 et
848 4613 1024 4663 Hesionam.
1061 4614 1128 4664 Post
1146 4615 1351 4681 inscriptionem
1378 4616 1490 4666 Dominis

296 4701 391 4751 camir
412 4717 443 4749 oc
465 4700 614 4750 tcmurimir
632 4708 676 4751 otc
700 4702 797 4765 incipit
825 4700 877 4762 Qui
898 4704 994 4750 terram
1012 4702 1072 4750 auri
1090 4702 1243 4752 consumatio
1262 4703 1324 4765 (sie)
1341 4704 1416 4768 fodit
1434 4709 1488 4754 etc.
