3458 5640
315 597 379 661 208
456 593 691 671 ‚uvnuenuluu
709 593 901 644 lunaribus
919 591 1110 643 spumeum.
1137 591 1378 644 1.11.1.111.1.1V.

802 787 923 856 Oarur
945 788 1025 854 LII.

404 911 690 997 Aderatquoque
702 908 884 977 interillos
896 908 1521 994 philosophostractandarumrerum

319 1017 532 1085 naturalium
558 1015 807 1100 peritissimus:
840 1015 999 1099 quicum
1025 1020 1182 1100 rogasset
1202 1012 1379 1085 dominum
1400 1014 1521 1084 Iesum

318 1144 362 1189 an
380 1121 573 1189 medicinae
591 1119 801 1201 studuisset,
823 1119 1041 1204 respondens
1064 1118 1124 1185 ille
1147 1120 1306 1204 exposuit
1326 1121 1357 1187 ei
1373 1120 1518 1207 physica

319 1233 355 1294 et
369 1226 615 1314 metaphysica,
633 1223 885 1312 hyperphysiea
901 1229 936 1290 et
951 1223 1196 1310 hypopbysica,
1212 1225 1359 1293 virtutes
1379 1247 1518 1312 quoque

319 1331 472 1415 corporis
502 1337 537 1395 et
559 1329 720 1395 humores
745 1327 1005 1411 eorundemque
1038 1329 1198 1409 effectus,
1228 1350 1409 1396 numerum
1432 1332 1516 1397 item

319 1434 551 1500 membrorum
563 1433 748 1513 etossium,
765 1451 940 1513 venarum,
958 1432 1166 1497 arteriarum
1177 1438 1212 1499 et
1222 1454 1419 1514 nervorum3
1436 1434 1520 1500 item

322 1537 482 1603 effectum
499 1535 624 1601 caloris
642 1540 678 1599 et
693 1534 873 1615 siccitatis,
895 1531 1036 1618 frigoris
1055 1540 1090 1599 et
1108 1535 1336 1618 humiditatis,
1359 1556 1517 1621 quaeque

320 1662 361 1706 ex
376 1641 474 1705 hisce
492 1639 683 1719 orirentur;
706 1658 877 1722 quaenam
894 1645 987 1703 esset
1003 1639 1160 1722 operatio
1180 1639 1315 1704 animae
1338 1640 1374 1705 in
1392 1661 1517 1725 corpus

320 1744 467 1827 eiusque
484 1762 608 1807 sensus
630 1746 666 1805 et
680 1742 840 1820 virtutes,
864 1760 1035 1824 quaenam
1057 1748 1150 1806 esset
1171 1743 1325 1826 operatio
1341 1741 1518 1810 facultatis

320 1845 498 1931 loquendi,
515 1844 701 1927 irascendi,
720 1843 924 1928 appetendi;
942 1843 1094 1929 denique
1111 1846 1391 1913 coniunctionem
1408 1847 1519 1914 etdis-

320 1951 549 2030 iunctionem,
574 1947 713 2031 aliaque
734 1967 823 2031 quae
846 1947 978 2012 nullius
1000 1954 1182 2014 creaturae
1206 1950 1408 2016 intellectus
1429 1972 1521 2017 asse·

321 2053 451 2136 quitur.
497 2049 596 2115 Tune
621 2049 773 2129 surrexit
796 2047 1028 2132 philosophus
1054 2049 1114 2115 ille
1141 2057 1176 2115 et
1201 2051 1379 2118 dominum
1402 2053 1520 2118 Iesum

320 2153 487 2234 adoravit,
505 2159 549 2234 et,
568 2150 597 2219 Ο
616 2151 765 2234 domine,
782 2153 907 2235 inquit,
930 2152 973 2216 ab
990 2150 1055 2217 hoc
1070 2158 1228 2235 tempore
1246 2174 1305 2219 ero
1324 2154 1517 2238 discipulus

320 2263 402 2322 tuus
421 2261 455 2321 et
471 2275 600 2321 servus.

798 2387 919 2456 Cannu
941 2389 1043 2455 LIII.

405 2510 498 2576 Dum
515 2510 601 2575 haec
625 2515 660 2574 et
681 2510 751 2575 alia
772 2510 865 2576 inter
880 2531 957 2576 sese
975 2509 1225 2594 loquebantur,
1249 2509 1365 2576 adfuit
1381 2510 1523 2576 domina

320 2615 405 2681 hera
420 2614 548 2696 Maria,
572 2619 757 2698 postquam
779 2613 893 2697 ipsum
911 2634 1082 2699 quaerens
1105 2614 1260 2680 triduum
1276 2636 1354 2681 cum
1370 2613 1521 2699 Iosepho

322 2719 524 2786 circumivit.
559 2716 695 2787 Videns
713 2739 794 2802 ergo
813 2739 890 2784 eum
907 2719 1000 2785 inter
1016 2717 1176 2785 doctores
1194 2719 1374 2803 sedentem
1390 2739 1522 2805 perque

320 2825 412 2889 vices
430 2825 525 2907 ipsos
542 2827 722 2906 rogantem
739 2821 1064 2907 etrespondentem,
1082 2822 1171 2888 dixit
1186 2822 1253 2887 illi:
1273 2821 1396 2906 Mifili,
1414 2843 1521 2906 quare

321 2928 372 2993 ita
388 2926 504 2992 fecisti
520 2923 646 2993 nobis?
672 2947 751 2992 ecce
770 2948 832 3011 ego
850 2932 885 2992 et
900 2931 1002 3011 pater
1016 2931 1098 2992 tuus
1114 2931 1149 2992 te
1167 2947 1290 3011 magno
1309 2947 1386 2992 cum
1402 2926 1521 2993 labore

323 3031 534 3115 quaerimus.
564 3028 701 3112 atille,
720 3027 847 3115 Quare,
867 3030 992 3114 inquit,
1010 3051 1063 3095 me
1082 3026 1274 3115 quaeritis?
1292 3051 1405 3096 nonne
1423 3029 1521 3095 scitis

312 3132 446 3199 *decere
463 3155 516 3200 me
539 3141 579 3200 ut
599 3136 636 3199 in
653 3133 753 3199 domo
770 3133 880 3218 patris
898 3135 965 3199 mei
984 3131 1123 3198 verser?
1154 3132 1223 3200 Sed
1246 3135 1314 3218 ipsi
1331 3156 1400 3202 nou
1423 3134 1523 3199 intel·

322 3240 486 3305 lexerunt
500 3239 606 3305 verba
622 3260 710 3323 quae
734 3240 785 3304 eis
808 3238 952 3305 dixerat.
984 3238 1083 3305 'Iunc
1100 3238 1258 3306 doctores
1281 3239 1333 3306 illi
1357 3244 1524 3324 rogarunt

322 3341 487 3426 Mariam,
513 3342 649 3409 hiccine
676 3344 787 3427 ipsius
810 3352 904 3410 esset
924 3343 1032 3428 filius,
1060 3350 1095 3409 et
1116 3351 1293 3410 annuente
1316 3346 1408 3429 ipsa,
1436 3343 1465 3411 Ο
1489 3352 1522 3410 te

324 3447 473 3529 felicem,
491 3448 663 3528 dixerunt,
680 3447 803 3528 Maria,
822 3468 910 3530 quae
924 3447 1133 3512 hunctalem
1145 3451 1324 3532 peperisti.
1350 3450 1522 3513 Reversus

323 3554 440 3614 autem
454 3570 530 3614 cum
548 3551 598 3615 eis
608 3549 785 3614 Nazareth
802 3550 838 3613 in
855 3549 1014 3614 omuibus
1032 3551 1136 3616 rebus
1154 3574 1284 3617 morem
1301 3554 1351 3617 eis
1369 3550 1522 3634 gerebat.

322 3650 371 3716 Et
398 3657 508 3717 mater
533 3653 607 3718 eius
633 3652 860 3719 conservabat
884 3653 1001 3718 omnia
1024 3654 1129 3720 verba
1160 3657 1228 3721 ista
1257 3657 1293 3720 in
1319 3655 1422 3722 corde
1449 3677 1521 3720 suo.

323 3755 496 3822 Dominus
512 3778 591 3823 vero
607 3755 708 3823 Iesus
724 3755 930 3841 proficiebat
951 3763 1085 3824 statura
1108 3765 1143 3825 et
1162 3761 1337 3844 sapientia
1360 3767 1394 3825 et
1410 3761 1523 3844 gratia

323 3859 416 3944 apud
434 3859 535 3926 deum
553 3867 588 3928 et
606 3861 774 3928 homines.

803 3996 923 4063 (larun
945 3998 1039 4066 LIV.

408 4114 527 4199 Atque
544 4116 586 4182 ab
601 4115 733 4182 hoodie
750 4118 918 4183 miracula
933 4138 1061 4185 arcana
1077 4127 1112 4184 et
1128 4126 1263 4184 secreta
1280 4141 1342 4185 sua
1359 4121 1520 4183 occulere

324 4220 441 4303 coepit
453 4220 567 4303 etlegi
578 4241 717 4303 operam
729 4220 821 4301 dare,
840 4220 950 4285 donec
960 4243 1089 4287 annum
1099 4223 1314 4306 trigesimum
1325 4222 1519 4304 complevit,

392 4395 451 4447 LII.
469 4396 754 4446 tractandas-umerum
760 4397 931 4446 naturalium:
942 4398 1026 4449 itari.
1033 4415 1080 4465 pro
1087 4400 1224 4449 medicinae
1233 4378 1516 4448 etsateralisscisstioi

391 4484 450 4532 item
462 4485 576 4552 sff'sctam
589 4483 684 4534 caloris
697 4490 752 4533 etc:
772 4484 811 4533 ita
825 4485 864 4533 pl,
878 4501 924 4549 pro
939 4490 1137 4551 temperamenta
1148 4488 1237 4545 etiam,
1255 4486 1363 4536 coliium
1381 4489 1406 4534 ei
1417 4460 1520 4541 siccum,¹

314 4569 445 4634 sriqidam
458 4574 483 4619 et
494 4571 619 4620 humidum

393 4658 589 4708 coniunctionem
601 4661 627 4708 et
637 4658 841 4709 disiunctionem:
859 4660 897 4711 its
910 4661 950 4710 ΡΙ.
964 4677 1011 4726 pro
1026 4663 1241 4727 ooiqrspaticaem
1254 4664 1280 4711 et
1290 4657 1480 4723 dissipationes

392 4742 467 4796 LIII.
486 4747 629 4811 querimus
641 4772 650 4784 ·
664 4772 672 4785 ·
685 4747 822 4812 quaeritis:
835 4748 874 4799 its
886 4749 926 4800 ΡΙ.
939 4765 987 4815 pro
1000 4750 1166 4816 quaesivimus
1178 4775 1187 4787 ·
1200 4775 1209 4786 ·
1223 4748 1382 4815 quaerebatis
