3458 5640
276 576 301 620 χ
738 558 1008 611 Psouudounun.

368 710 464 771 Tertii
474 713 592 794 9111111
606 707 735 772 libellos
751 707 911 772 edidimus
925 709 1093 772 tredecim.
1120 708 1270 773 Primum
1286 710 1386 774 hosce
1401 730 1471 773 sex:

278 816 406 885 Gesta
432 815 561 882 Pilati
588 839 732 900 graece
754 818 803 902 A,
834 839 978 902 graece
1000 817 1045 899 B;
1075 820 1154 883 item
1182 818 1297 884 eadem
1324 820 1471 899 latine;

276 928 522 994 Desceusum
551 926 705 995 Christi
733 927 780 994 ad
807 928 962 994 inferos
990 949 1150 1012 graece;
1181 929 1261 994 item
1289 930 1416 995 latine
1438 931 1472 995 A

278 1045 312 1106 et
332 1041 462 1107 latine
485 1039 523 1106 B.
566 1040 742 1106 Pertinent
764 1041 847 1106 haec
869 1041 980 1106 omnia
1000 1040 1044 1106 ad
1067 1040 1273 1126 evangelium
1293 1040 1470 1109 Nicodemi

278 1153 367 1238 quod
382 1152 447 1219 dici
467 1154 560 1238 solet,
584 1156 676 1220 cuius
691 1153 773 1220 duas
794 1157 908 1239 partes
930 1153 1058 1220 idoneis
1083 1153 1121 1220 de
1144 1155 1270 1220 caussis
1293 1156 1472 1240 separatim

278 1265 434 1332 dedimus.
468 1265 598 1331 Rursus
617 1287 696 1331 vero
718 1270 814 1331 tanta
837 1270 888 1330 est
909 1287 1010 1350 quum
1034 1267 1068 1331 in
1086 1286 1204 1350 graeco
1224 1266 1403 1335 Gestorum
1423 1267 1473 1332 Pi-

276 1377 337 1443 lati
359 1382 429 1442 tum
451 1379 486 1442 in
508 1378 612 1443 latino
632 1377 821 1443 Descensus
837 1377 964 1470 Christi
987 1382 1082 1442 textu
1104 1379 1316 1462 antiquorum
1338 1379 1472 1443 testium

278 1487 503 1570 discrepantia
524 1494 563 1553 11
586 1488 668 1553 duae
690 1494 779 1552 certe
801 1489 1011 1553 recensiones
1035 1489 1192 1570 distingui
1216 1489 1365 1570 debeant,
1391 1511 1472 1572 qua·

276 1619 350 1662 111
372 1604 548 1682 utramque
569 1598 701 1681 plenam
724 1602 758 1662 et
779 1599 969 1663 continuam
991 1599 1316 1681 repraesentavimus.
1355 1599 1396 1664 In
1419 1575 1471 1664 his

278 1729 365 1772 nunc
401 1709 544 1791 primum
581 1730 602 1773 a
636 1708 732 1773 nobis
768 1707 877 1773 editur
916 1711 1052 1774 textus
1091 1709 1306 1777 Gestorum
1342 1710 1470 1775 Pilati

275 1840 444 1902 graecus
471 1818 500 1884 B
533 1841 572 1885 ex
603 1819 710 1886 tribus
742 1819 925 1902 codicibus,
955 1820 1035 1886 item
1064 1840 1104 1886 ex
1131 1820 1272 1886 totidem
1303 1820 1470 1887 codicibus

275 1930 431 1996 latinus
458 1936 594 1998 textus
621 1931 705 1998 11111
727 1931 832 1999 libelli
856 1953 952 2017 quem
973 1931 1219 1998 Descensum
1241 1931 1395 1999 Christi
1423 1933 1471 1998 ad

274 2041 429 2108 inferos
458 2043 607 2108 diximus.
650 2043 704 2109 De
731 2043 826 2108 libris
853 2041 991 2126 reliquis
1019 2049 1161 2127 quatuor
1190 2043 1317 2111 Gesta
1343 2044 1470 2109 Pilati

275 2173 419 2235 graece
441 2154 475 2218 A
503 2156 726 2220 recensuimus
753 2154 795 2220 ad
817 2174 952 2236 graecos
976 2153 1104 2219 codices
1127 2159 1215 2237 octo,
1244 2176 1383 2238 quorum
1406 2155 1470 2220 duo

274 2264 496 2331 Monacenses
517 2266 638 2330 111111
661 2269 695 2330 11
716 2271 871 2331 accurate
893 2266 1107 2348 contulimus,
1129 2269 1197 2331 tres
1219 2267 1303 2331 alios
1325 2266 1383 2331 sed
1404 2287 1468 2331 non

275 2377 422 2460 integros
449 2377 549 2461 primi
573 2377 783 2443 excussimus.
827 2377 1009 2444 Praeterea
1030 2377 1241 2443 adhibuimus
1262 2377 1360 2462 primi
1383 2399 1469 2444 sum·

274 2510 346 2555 mae
361 2490 538 2555 vetustatis
555 2488 713 2572 reliquias
728 2489 820 2574 duas,
842 2489 965 2556 alteras
981 2494 1097 2575 coptas
1111 2511 1325 2575 papyraceus,
1347 2490 1469 2555 alteras

273 2602 447 2687 pauciores
462 2602 582 2668 latinas
605 2623 645 2667 ex
666 2602 881 2685 palimpsesto
905 2602 1016 2668 codice
1039 2602 1186 2669 haustas.
1229 2594 1334 2668 Porro
1357 2623 1469 2686 grae·

273 2735 360 2780 cum
381 2712 610 2780 Descensus
626 2713 781 2780 Christi
804 2718 955 2779 textum
977 2714 1020 2780 ad
1042 2714 1171 2780 codices
1195 2714 1468 2780 conformavimus

273 2828 357 2907 tres,
386 2846 528 2908 quorum
553 2825 858 2908 praestantissimus
884 2825 1029 2890 nondum
1052 2826 1251 2891 innotuerat.
1295 2825 1468 2890 Latinus

274 2956 352 3001 vero
377 2940 490 3002 noster
512 2936 729 3004 Gestorum
751 2936 880 3002 Pilati
908 2940 1045 3002 textus
1074 2959 1094 3002 a
1116 2937 1268 3002 'Philonis
1290 2937 1468 3020 plurimum

275 3047 398 3129 differt3
421 3049 543 3133 quippe
560 3068 657 3131 quem
680 3046 723 3113 ad
745 3053 820 3113 octo
843 3052 956 3132 testes,
979 3069 1118 3132 quorum
1135 3049 1279 3132 quinque
1294 3047 1468 3114 Thilonem

169 3156 176 3164 '
274 3159 452 3244 latuerant,
474 3180 645 3226 recensere
666 3158 799 3226 licebat.
842 3159 956 3227 Minor
978 3161 1065 3227 inter
1080 3160 1252 3226 Thilonem
1276 3165 1310 3226 11
1332 3183 1383 3226 11
1404 3161 1468 3226 dis·

275 3272 446 3357 crepantia
473 3277 524 3338 est
551 3273 586 3337 iu
613 3272 746 3338 altero
768 3272 899 3338 latino
922 3277 1035 3338 textu
1056 3272 1287 3339 Descensus
1310 3272 1466 3340 Christi

274 3384 322 3452 ad
348 3383 515 3466 inferos,
544 3405 744 3468 quamquam
771 3388 805 3449 et
831 3384 938 3467 ipsum
962 3384 1174 3468 expluribus
1197 3387 1289 3451 novis
1311 3386 1467 3451 subsidiis

274 3503 308 3562 et
331 3495 574 3561 emendavimus
596 3502 630 3560 et
651 3496 895 3561 illustravimus.

359 3606 416 3672 Ad
430 3605 646 3672 idomtertium
656 3607 1303 3693 qmusportinontAnaphoraPilati
1324 3628 1466 3690 graece

273 3720 307 3784 A
336 3723 370 3783 et
396 3738 537 3801 graece
559 3716 603 3800 B,
634 3705 716 3798 item
736 3717 953 3784 Paradosis
975 3717 1101 3784 Pilati
1129 3740 1272 3803 graece
1301 3723 1334 3785 et
1361 3719 1467 3786 altera

273 3832 401 3898 Pilati
426 3830 602 3914 epistola
623 3829 760 3897 latine.
803 3830 938 3897 Priores
955 3836 1023 3898 tres
1039 3852 1176 3916 graecos
1190 3832 1322 3898 libellos
1337 3832 1386 3898 ita
1400 3832 1467 3898 edi-

274 3944 380 4010 dimus
401 3950 440 4008 11
462 3925 620 4026 cuiusque
643 3947 770 4007 textum
793 3942 835 4008 ad
859 3943 1003 4026 quinque
1027 3943 1157 4009 codices
1180 3944 1466 4028 constitueremus,

274 4076 414 4139 quorum
444 4053 600 4119 maiorem
630 4059 761 4136 partem
792 4074 832 4119 ox
863 4052 1072 4119 bibliothecis
1104 4055 1345 4137 exscripsimus.
1393 4054 1466 4120 Nec

273 4163 356 4230 nihil
378 4165 453 4229 inde
477 4162 614 4228 subsidii
637 4161 812 4228 habuimus
834 4163 876 4228 ad
904 4164 1118 4246 repetendam
1146 4165 1313 4229 latinam
1336 4166 1465 4230 Pilati

274 4273 487 4359 epistolam
511 4295 583 4339 cam
603 4294 687 4357 quae
708 4275 887 4357 separatim
910 4274 962 4339 cdi
985 4275 1082 4340 solet:
1105 4274 1275 4341 alteram
1297 4276 1385 4342 euim
1407 4297 1466 4342 nos

238 4382 244 4395 '
273 4406 406 4470 quoque
428 4405 469 4451 ex
492 4383 640 4451 codicum
662 4385 860 4452 auctoritate
883 4385 925 4451 ad
947 4385 1045 4451 finem
1067 4384 1255 4451 Descensus
1276 4385 1401 4453 Christi
1423 4387 1466 4454 ad

272 4495 397 4562 inferos
423 4495 525 4562 latine
548 4494 583 4561 A
611 4495 833 4579 adiunximus,
865 4495 1081 4580 expluribus
1109 4496 1318 4564 emendatam
1345 4500 1467 4564 instru-

271 4608 400 4674 mentis.
