3458 5640
273 612 333 676 124
559 610 723 664 HISTORIA
743 611 894 662 IOSEPHI.
926 610 999 663 CAP.
1018 610 1063 661 lv.
1084 611 1115 660 V.
1134 611 1181 662 vl.

271 782 391 828 annos.
420 758 558 844 Quippe
574 741 737 843 parentes
755 761 866 843 ipsius
884 758 1088 825 obtulerunt
1104 779 1178 825 eam
1195 760 1231 823 in
1247 758 1376 842 templo
1394 765 1467 824 tres

272 869 529 944 carceratam,
551 862 748 945 mansitque
770 861 833 926 illa
852 863 889 926 in
908 862 1037 946 templo
1055 861 1186 927 domini
1202 881 1323 926 novem
1345 881 1467 927 annos.

271 966 370 1033 Tunc
391 973 431 1031 ut
445 965 608 1030 uiderunt
627 965 826 1031 sacerdotes
842 966 1011 1050 virginem
1032 971 1186 1030 sanctam
1208 966 1265 1049 (et)
1285 965 1468 1030 timentem

273 1070 448 1135 dominum
465 1068 676 1150 adolescere,
697 1089 733 1133 se
750 1069 898 1133 invicem
914 1069 1059 1135 allocuti
1071 1067 1335 1153 suntdicentes:
1354 1064 1469 1150 Quae·

272 1193 386 1238 ramus
402 1174 511 1237 virum
534 1174 664 1238 iustum
681 1174 739 1256 (et)
755 1172 865 1255 pium,
889 1175 944 1238 cui
967 1173 1202 1238 committatur
1216 1169 1330 1236 Maria
1353 1191 1467 1253 usque

272 1276 315 1342 ad
340 1283 476 1360 tempus
503 1277 718 1360 nuptiarum:
744 1296 786 1340 ne
812 1276 968 1341 manenti
996 1275 1186 1359 intemplo
1212 1273 1348 1339 accidat
1373 1273 1468 1357 quod

271 1378 430 1444 accidere
456 1379 547 1444 solet
567 1376 789 1460 mulieribus,
816 1398 927 1461 eoque
949 1379 1088 1444 nomine
1110 1397 1308 1460 peccemus,
1335 1381 1370 1442 et
1391 1397 1468 1441 suc-

274 1487 416 1546 censeat
431 1479 533 1546 nobis
551 1481 647 1546 deus.

767 1647 888 1722 Csrur
910 1648 973 1718 IV.

356 1803 511 1870 Proinde
537 1805 654 1868 statim
680 1804 816 1869 emissis
842 1804 999 1889 (nuntiis)
1026 1808 1259 1868 convocarunt
1283 1801 1469 1868 duodecim

273 1928 374 1974 senes
400 1906 442 1972 de
468 1905 562 1971 tribu
587 1905 686 1971 Iuda.
706 1905 770 1971 Idt
796 1907 1012 1991 scripserunt
1035 1906 1177 1973 nomina
1201 1904 1384 1971 duodecim
1410 1907 1470 1970 tri-

272 2010 379 2076 buum
399 2008 554 2075 Israelis.
587 2007 724 2075 Occidit
745 2016 860 2075 autem
881 2030 956 2077 sore
980 2031 1085 2093 super
1101 2031 1218 2075 senem
1240 2010 1352 2092 pium,
1373 2007 1471 2073 Ioso-

272 2113 378 2198 phum
400 2113 541 2177 iustum.
571 2109 670 2176 Tunc
691 2110 943 2195 respondentes
960 2111 1124 2176 dixerunt
1145 2110 1345 2176 sacerdotes
1367 2113 1470 2176 matri

272 2236 369 2282 meae
384 2215 608 2282 benedictae:
639 2214 695 2281 Ito
713 2236 790 2282 cum
805 2214 957 2299 Iosepho
979 2221 1014 2280 et
1036 2220 1110 2282 esto
1131 2213 1224 2298 apud
1240 2213 1339 2277 illum
1358 2235 1470 2298 usque

273 2319 318 2386 ad
333 2323 470 2404 tempus
486 2318 697 2403 nuptiarum.
732 2315 883 2403 Accepit
904 2338 984 2404 ergo
1000 2317 1173 2402 Iosephus
1194 2317 1308 2382 iustus
1325 2323 1471 2384 matrem

273 2443 398 2507 meam,
421 2445 566 2509 eamque
587 2425 734 2491 abduxit
753 2427 790 2491 in
813 2425 950 2491 domum
974 2446 1081 2492 suam.
1111 2423 1160 2490 Et
1179 2424 1312 2490 invenit
1331 2423 1471 2514 (Maria)

272 2528 440 2596 Iacobum
461 2529 629 2595 minorem
651 2530 687 2595 in
706 2529 806 2596 domo
822 2532 931 2615 patris
955 2530 1031 2596 eius
1051 2529 1200 2595 fractum
1222 2530 1337 2596 animo
1363 2535 1471 2616 atquo

273 2639 443 2700 moestum
459 2639 604 2718 propter
620 2634 806 2700 orbitatem
823 2635 981 2721 (matris),
1005 2641 1041 2701 et
1057 2634 1217 2701 educavit
1231 2634 1341 2701 illum.
1373 2632 1472 2702 Hinc

275 2736 452 2820 appellata
477 2743 531 2801 est
553 2736 668 2803 Maria
691 2744 802 2802 mater
824 2737 956 2805 Iacobi.
1001 2738 1140 2804 Deinde
1165 2739 1368 2821 relinquens
1394 2759 1471 2804 earu

274 2839 446 2923 Iosephus
468 2841 503 2903 iu
526 2839 626 2905 domo
650 2861 714 2905 sua
737 2841 845 2906 abivit
868 2840 912 2905 ad
936 2840 1106 2905 officinam
1130 2841 1190 2905 ubi
1213 2846 1394 2905 exercetur
1415 2861 1471 2906 ars

274 2941 411 3007 fabrilis
428 2941 587 3025 lignaria.
624 2942 816 3026 Postquam
832 2963 911 3008 vero
930 2943 1045 3026 exegit
1061 2949 1182 3007 sancta
1199 2944 1294 3026 virgo
1314 2943 1350 3005 in
1368 2941 1471 3008 domo

276 3045 352 3109 eius
371 3044 567 3124 biennium,
592 3046 686 3110 facta
710 3051 764 3111 est
786 3046 945 3128 praecise
971 3051 1067 3110 aetas
1093 3047 1168 3110 eius
1191 3043 1472 3128 quattuordecim

276 3166 460 3230 annorum,
482 3146 617 3213 incluso
635 3148 739 3212 simul
755 3153 910 3231 tempore
928 3169 995 3231 quo
1020 3169 1094 3213 eam
1111 3148 1244 3232 recepit
1263 3146 1471 3233 (Iosephus).

780 3334 901 3402 Curua
924 3336 966 3406 V.

360 3470 479 3536 Dilexi
502 3476 629 3557 (autem
657 3474 752 3538 illam
777 3473 947 3557 peculiari
969 3473 1130 3557 quodam)
1151 3473 1340 3538 voluntatis
1364 3481 1471 3556 motu,

277 3593 355 3638 cum
370 3574 592 3657 beneplacito
608 3577 719 3659 patris
735 3577 803 3641 mei
822 3582 857 3640 et
873 3576 1020 3641 consilio
1037 3577 1181 3660 spiritus
1200 3577 1322 3641 sancti.
1357 3576 1406 3641 Et
1421 3578 1472 3642 in-

276 3682 438 3742 carnatus
465 3677 516 3743 fui
544 3677 585 3743 de
611 3678 687 3761 illa,
713 3679 876 3762 mysterio
898 3683 1134 3744 creaturarum
1162 3679 1309 3744 rationis
1330 3686 1471 3762 captum

276 3785 474 3865 superante.
510 3778 580 3848 Sed
602 3782 730 3866 elapsis
751 3782 1016 3866 aconceptione
1039 3782 1151 3848 tribus
1168 3782 1347 3847 mensibus
1364 3782 1472 3848 rediit

275 3884 326 3948 uir
347 3885 460 3949 iustus
477 3883 671 3970 (Iosephus)
689 3885 730 3951 de
748 3885 823 3951 loco
841 3886 901 3950 ubi
924 3892 1032 3952 artem
1049 3906 1146 3951 suam
1168 3886 1338 3968 exercuit;
1364 3891 1468 3971 atque

275 3986 336 4051 ubi
353 3986 585 4071 deprehendit
593 3989 761 4072 virginem
776 3993 920 4054 matrem
935 4010 1045 4055 meam
1062 3989 1246 4072 gravidam,
1263 3996 1378 4055 mente
1391 4010 1471 4055 con·

274 4089 434 4155 turbatus
468 4092 632 4173 cogitavit
661 4111 735 4156 eam
765 4092 960 4156 clanculum
991 4091 1176 4156 dimittere.
1224 4091 1314 4156 Prae
1344 4093 1468 4157 timore

275 4192 396 4272 etiarn,
418 4192 564 4257 tristitia
584 4198 620 4257 et
640 4193 790 4275 pectoris
808 4184 861 4257 sui
881 4194 1044 4276 angustia
1060 4213 1124 4257 nec
1147 4192 1249 4258 edere
1266 4213 1331 4257 nec
1346 4192 1469 4258 bibere

274 4292 336 4358 iilo
356 4292 413 4358 die
430 4294 608 4358 sustinuit.

769 4461 889 4529 Carum
911 4462 974 4531 VI.

359 4616 431 4687 Sub
443 4619 593 4685 medium
609 4625 724 4684 autem
735 4618 826 4684 diem
837 4619 1000 4703 apparuit
1014 4619 1082 4702 ipsi
1094 4618 1295 4703 angelorum
1305 4619 1469 4704 princepe

273 4729 415 4788 sanctus
435 4720 580 4789 Gabriel
596 4722 631 4786 in
649 4722 794 4805 somnio,
816 4722 978 4788 mandato
999 4724 1191 4789 instructus
1207 4724 1317 4807 patris
1334 4723 1412 4806 mei,
1435 4730 1470 4790 et
