3458 5640
645 571 815 624 vmmcun
839 562 1065 621 SALVATORIS.
1204 620 1207 632 ,
1397 565 1480 629 475·

262 745 314 791 me
345 723 469 804 fecisti,
500 723 578 787 iube
609 741 661 786 me
692 716 860 785 ambulare
893 739 966 783 oum
997 716 1129 800 navigio
1162 737 1262 800 super
1293 735 1396 798 aquas
1425 715 1461 780 in

263 834 384 893 terram
412 824 600 890 nativitatis
627 829 717 907 tuae,
744 827 787 898 ut¹
803 821 926 888 faciam
948 820 1127 886 vindictam
1151 819 1191 886 de
1213 820 1356 887 inimicis
1379 820 1461 903 tuis;

263 938 296 997 et
318 930 437 997 adiuva
464 951 529 1010 me,
558 927 703 1010 domine,
732 933 770 992 ut
792 926 916 1010 possim
940 946 996 991 eos
1019 924 1128 991 delere
1152 929 1186 990 et
1208 931 1346 991 mortem
1369 931 1461 992 tuam

262 1033 440 1099 vindicare:
468 1038 506 1097 tu
530 1031 662 1097 domine
685 1030 780 1096 trade
803 1052 861 1096 eos
883 1031 917 1095 in
940 1050 1040 1094 manu
1062 1049 1146 1094 mea.
1192 1028 1218 1069 ¹⁰
1232 1029 1279 1095 Et
1301 1052 1376 1096 cum
1398 1032 1462 1098 hoa

262 1136 412 1217 dixisset,
435 1134 663 1219 praecepisse
686 1134 861 1217 baptizari.
905 1133 1046 1201 Vooavit
1068 1137 1178 1198 autem
1201 1132 1243 1198 ad
1266 1155 1300 1200 se
1323 1132 1461 1200 Nathan

262 1243 295 1302 et
318 1236 401 1300 dixit
424 1235 454 1300 ei
478 1234 653 1320 Quomodo
676 1234 789 1300 vidisti
812 1234 978 1318 baptizari
1007 1256 1064 1300 eos
1088 1235 1144 1318 qui
1173 1234 1207 1298 in
1230 1234 1363 1301 Christo
1393 1256 1461 1301 ore·

262 1338 368 1404 dunt?
412 1338 539 1406 Venias
568 1338 609 1403 ad
636 1360 688 1403 me
717 1344 751 1404 et
772 1338 906 1422 baptiza
928 1358 980 1402 me
1003 1338 1036 1402 in
1059 1337 1192 1403 nomine
1214 1339 1322 1421 patris
1345 1343 1380 1404 et
1400 1337 1461 1403 filii

262 1449 295 1506 et
323 1440 460 1525 spiritus
488 1441 610 1523 saneti,
639 1462 743 1506 amen.
788 1439 874 1505 Nam
905 1445 938 1505 et
966 1461 1026 1524 ego
1055 1438 1193 1504 firmiter
1220 1438 1317 1506 oredo
1346 1438 1381 1503 in
1404 1439 1460 1506 do·

262 1544 387 1609 minum
409 1544 522 1610 Iesum
546 1544 716 1611 Christum
745 1566 785 1609 ex
813 1548 885 1610 toto
914 1542 1013 1609 eorde
1042 1563 1115 1609 meo
1140 1548 1174 1608 et
1196 1563 1236 1609 ex
1257 1548 1329 1608 tota
1350 1543 1462 1609 anima

263 1670 350 1715 mea:
374 1649 453 1733 quia
476 1671 637 1734 nusquam
661 1655 711 1715 est
734 1649 818 1715 alius
842 1649 876 1714 in
899 1649 1051 1714 universo
1075 1647 1197 1714 mundo
1218 1648 1275 1733 qui
1297 1669 1349 1715 me
1372 1670 1462 1715 crea·

263 1754 311 1819 vit
332 1760 366 1819 et
388 1775 408 1819 a
429 1752 622 1818 vulneribus
646 1774 697 1818 me
720 1752 846 1819 salvum
869 1752 956 1819 fecit.

349 1858 396 1924 Et
424 1880 497 1923 cum
523 1857 587 1923 hoo
610 1857 759 1941 dixisset,
788 1859 923 1923 nuntios
950 1856 1041 1922 misit
1062 1857 1104 1923 ad
1126 1856 1366 1940 Vespasianum
1389 1880 1463 1924 oum

265 1961 353 2026 omni
376 1960 589 2026 festinatione
605 1961 717 2027 venire
740 1983 814 2033 oum
833 1960 912 2025 uiris
935 1956 1131 2042 fortissimis,
1154 1959 1201 2027 sio
1223 1960 1350 2043 paratis
1366 1961 1463 2044 quasi

265 2064 306 2130 ad
328 2063 460 2129 bellum.

352 2168 377 2208 ¹¹
400 2166 495 2232 Tunc
516 2165 742 2251 Vespasianus
766 2167 844 2233 tulit
867 2188 975 2233 secum
999 2166 1146 2251 quinque
1172 2164 1276 2232 millia
1298 2166 1387 2233 viros
1410 2189 1462 2232 ar·

264 2277 382 2351 matos,
411 2275 445 2336 et
472 2275 711 2335 concurrerunt
735 2269 776 2336 ad
799 2270 920 2336 Titum.
964 2269 1107 2335 Etcum
1130 2268 1299 2335 venissent
1320 2269 1362 2335 ad
1385 2269 1463 2336 oivi·

264 2381 366 2441 tatem
396 2372 531 2456 Libiae,
570 2373 654 2438 dixit
685 2373 727 2439 ad
758 2374 873 2441 Titum
904 2373 1072 2459 Quidnam
1104 2377 1155 2440 est
1186 2372 1275 2458 quod
1311 2373 1375 2440 huo
1410 2397 1464 2442 me

264 2481 375 2545 venire
407 2477 542 2544 iecisti?
586 2476 649 2543 Ille
681 2483 790 2544 autem
823 2477 907 2543 dixit
936 2477 1030 2546 Scias
1061 2478 1151 2562 quod
1181 2477 1278 2545 Iesus
1309 2478 1398 2545 venit
1428 2479 1462 2544 in

265 2689 381 2751 dimissi),
401 2694 425 2738 et
443 2687 540 2738 salsum
557 2704 595 2737 me
604 2688 698 2753 jecisti
715 2693 740 2738 ei
758 2703 840 2738 amnes
858 2692 979 2739 astantes.
1011 2688 1100 2739 ASex:
1119 2704 1177 2738 nam
1194 2704 1321 2755 nonquam
1338 2690 1392 2740 etds‘
1409 2705 1465 2740 eam

264 2793 309 2824 aee
327 2774 425 2824 credidi
443 2775 469 2822 ia
487 2789 550 2832 ema,
568 2790 645 2839 usque
657 2774 716 2823 dam
734 2791 799 2823 nasse
816 2775 905 2824 audivi
921 2791 1009 2824 nosses
1027 2775 1087 2834 eius,
1106 2778 1132 2825 et
1142 2790 1193 2838 per
1204 2791 1259 2825 eam
1270 2781 1377 2826 sanatas
1388 2771 1462 2840 satsat

265 2862 320 2911 inte
338 2877 376 2910 me
394 2887 403 2896 -
421 2861 449 2909 ia
466 2876 541 2910 manu
558 2875 627 2909 mea:
645 2859 721 2909 ASax
740 2860 778 2911 Et
796 2859 876 2927 dyeia
889 2861 1035 2925 prostravit
1052 2877 1079 2911 se
1096 2863 1124 2911 s'ss
1142 2865 1238 2912 terram
1255 2866 1281 2912 et
1296 2879 1385 2928 preces
1394 2862 1465 2929 sees't

266 2951 300 2999 ad
312 2948 437 3000 dominum
449 2953 474 2998 et
487 2951 525 2997 iia
537 2948 605 2998 dixit
619 2948 640 2997 0
652 2948 714 2998 deas
727 2949 889 3013 omnpotens,
907 2966 954 3000 rea
970 2950 1077 3000 omnium
1093 2966 1179 3015 repam
1194 2955 1219 3000 et
1230 2951 1345 3000 (laninas
1356 2952 1464 3001 ansatum

266 3037 433 3094 dominorum,
458 3035 574 3100 supplico
597 3039 633 3098 te,
653 3037 791 3100 permittas
812 3037 874 3085 miae·
894 3041 922 3086 sd
940 3052 977 3087 me
995 3038 1125 3102 evaseram
1142 3039 1169 3087 s'a
1186 3043 1283 3087 terram
1300 3038 1342 3087 aa·
1360 3044 1388 3088 ta
1405 3055 1465 3088 eras

268 3127 350 3184 statas,
368 3127 397 3173 ut
414 3122 512 3172 videam
529 3127 586 3172 taos
603 3122 718 3172 inimicos
735 3127 760 3172 et
777 3121 874 3172 deleam
892 3138 976 3172 earam
993 3139 1080 3172 nemea
1097 3127 1122 3172 et
1139 3122 1252 3172 aleam
1269 3127 1372 3173 mortem
1384 3128 1462 3175 tuam.

352 3212 393 3259 10.
424 3210 462 3258 Et
480 3224 534 3256 aum
551 3210 597 3257 leae
615 3233 624 3244 ·
644 3208 772 3270 baptisari
788 3238 799 3248 ·
817 3208 919 3271 baptiza
936 3224 973 3257 sae
992 3208 1044 3271 (ita
1062 3208 1144 3268 Amb3
1163 3209 1221 3259 Van
1241 3210 1368 3275 baptisari
1385 3210 1417 3258 ab
1435 3226 1464 3260 ea

267 3294 349 3359 [addo
367 3299 395 3344 at
413 3292 460 3358 iis]
480 3295 523 3358 qai
540 3293 703 3342 crediderant
721 3294 747 3341 s'ss
765 3310 794 3343 ea
812 3295 856 3358 qas'
872 3293 969 3343 dieitur
982 3293 1104 3343 Carietes.
1142 3295 1180 3344 us
1194 3294 1261 3345 aaa
1275 3294 1347 3345 ditas
1363 3295 1398 3344 ad
1410 3296 1463 3345 Na·

266 3383 334 3429 itam
357 3379 420 3429 Veni
437 3384 461 3428 et
479 3379 582 3440 baptiza
599 3377 647 3440 me)
667 3408 676 3418 ·
694 3394 814 3441 nusquam
833 3377 911 3440 (emb
930 3379 1067 3442 nusquam)
1086 3404 1096 3414 ·
1114 3378 1211 3428 saluam
1225 3381 1308 3444 sees't:
1331 3379 1406 3430 ASax
1425 3381 1464 3429 Es

263 3471 397 3528 postquam
415 3465 453 3513 ita
467 3467 591 3526 precatae
608 3468 659 3520 eei,
683 3464 783 3511 vocavit
801 3463 906 3511 Nathan
924 3465 958 3511 ad
975 3478 1002 3511 se
1019 3467 1044 3512 et
1062 3462 1131 3512 dsisit
1148 3467 1172 3512 et
1189 3464 1270 3522 Eece,
1290 3465 1411 3529 quamodo
1427 3465 1464 3514 ei·

265 3551 328 3600 disti
345 3566 387 3600 eos
405 3548 532 3613 baptizari
545 3548 588 3612 qai
600 3548 763 3598 crediderunt
777 3549 804 3595 s'ss
818 3549 960 3597 Christum?
989 3548 1053 3598 Veas'
1071 3549 1121 3599 aito
1139 3554 1164 3599 et
1182 3549 1285 3612 baptiso
1301 3566 1347 3610 sne,
1366 3555 1393 3600 at
1411 3555 1464 3600 iota

266 3637 341 3685 eorde
358 3651 411 3684 meo
430 3635 531 3683 credam
550 3635 575 3682 ia
594 3650 661 3682 essin.-
684 3649 742 3682 aam
765 3649 891 3698 nunquam
913 3634 968 3683 aidi
988 3650 1042 3683 eum
1064 3639 1090 3684 et
1112 3638 1193 3684 tamea
1217 3650 1305 3685 sanum
1328 3651 1366 3685 me
1383 3637 1462 3702 seas't.

268 3722 328 3771 Tum
350 3722 455 3772 Nathan
479 3720 586 3770 accessit
609 3719 644 3769 ad
667 3736 720 3768 eata
744 3724 768 3770 et
793 3720 932 3782 baptisavit
956 3735 1010 3769 aava
1033 3720 1060 3768 ἐκ
1083 3723 1182 3770 aomina
1203 3723 1292 3786 patris
1315 3725 1340 3772 st
1359 3722 1417 3789 fllis'
1440 3728 1465 3773 et

265 3809 348 3858 sanati
370 3810 490 3871 spiritus,
514 3813 539 3857 et
562 3807 669 3856 abstulit
691 3808 723 3856 ad
740 3824 768 3857 eo
787 3822 873 3856 nomen
895 3807 967 3874 tyri,
992 3813 1016 3858 et
1033 3810 1133 3857 vocavit
1153 3825 1207 3858 eam
1225 3811 1252 3858 ta
1270 3809 1394 3872 baptisma
1411 3813 1466 3861 eins

267 3896 361 3953 Titum,
381 3896 446 3960 qaod
463 3900 501 3944 est
519 3895 652 3943 innostra
671 3894 758 3959 liapaa
776 3895 849 3944 Pius.
887 3894 927 3944 De
945 3898 1049 3944 mutato
1068 3895 1131 3960 Tyri
1151 3896 1258 3946 nomino
1277 3896 1346 3946 nihil
1365 3899 1466 3963 legitur

266 3983 293 4032 in
312 3971 412 4031 ssaxb.

349 4068 387 4116 Et
405 4082 458 4114 eam
476 4068 522 4114 hoe
539 4066 646 4115 uanas
665 4072 722 4115 stc:
745 4065 820 4115 ASax
838 4067 876 4116 Et
897 4067 969 4115 Titus
986 4067 1056 4115 misit
1074 4066 1175 4115 nuntios
1192 4066 1227 4114 ad
1244 4067 1337 4117 saetam
1354 4068 1464 4129 tmpees‘s',

266 4152 362 4200 somine
378 4150 568 4215 Vespasianum,
589 4151 631 4214 qai
642 4151 718 4200 etiam
729 4151 834 4215 pastilis
848 4157 919 4208 srat5
937 4155 962 4201 et
979 4150 1054 4201 simul
1072 4151 1111 4201 ire
1128 4151 1245 4202 volebant
1262 4155 1405 4216 susceptori
1422 4169 1464 4202 ea·

262 4237 416 4300 petitionem
433 4236 579 4285 militarem.
762 4225 767 4232 ⁸

290 4383 293 4390 ‚
351 4324 393 4371 11.
422 4321 490 4371 Tana
507 4321 679 4384 Vespasianus
697 4327 753 4372 etc:
773 4322 848 4373 ASax
867 4339 921 4372 cam
938 4327 1031 4388 septem
1048 4323 1160 4373 millibus
1178 4327 1334 4374 mmawraen
1353 4324 1465 4374 ais-oram

266 4409 356 4457 habet.
372 4408 377 4469 Ι
392 4407 431 4458 Et
449 4424 502 4458 esem
520 4409 644 4458 venissent
662 4434 671 4444 -
690 4407 781 4458 In‘bs'ae
794 4407 883 4472 (codd.
897 4408 983 4471 1stte).·
1002 4409 1077 4460 ASex
1096 4409 1243 4468 consentit,
1264 4409 1315 4460 nisi
1335 4409 1407 4474 quod
1425 4427 1464 4460 ae·

267 4497 343 4545 uisset
361 4495 451 4545 habet.
467 4496 472 4558 1
487 4497 554 4547 ateis
572 4497 606 4546 ad
622 4496 703 4546 Titum
721 4523 731 4533 ·
741 4497 835 4563 fecisti
853 4513 884 4548 ox
898 4497 968 4559 Veu;
987 4498 1053 4547 Amb
1073 4498 1241 4562 interropaeit
1251 4497 1368 4562 fratrem
1386 4515 1465 4558 mam,

269 4583 380 4647 quisnam
399 4588 463 4633 esset
481 4600 561 4634 sermo
578 4599 626 4649 pra
641 4600 688 4647 quo
706 4586 791 4634 uenire
809 4601 834 4634 se
844 4584 953 4650 fecisset
971 4585 1005 4634 ad
1023 4601 1085 4636 se..
1098 4585 1174 4634 ASax
1191 4586 1278 4634 statim
1296 4584 1467 4650 interropaait

267 4670 386 4734 quidnam
398 4675 462 4720 esset
471 4671 654 4743 propterquod
667 4673 832 4722 arcessieriat
844 4688 898 4721 eam
910 4676 962 4722 tam
966 4671 1134 4736 festinanter.
1152 4677 1156 4730 1
1172 4671 1224 4721 Ille
1236 4675 1319 4720 autem
1328 4671 1396 4722 aaa
1408 4675 1465 4722 etos
