3458 5640
306 635 367 698 106
477 632 808 686 Peenno-namnam
828 635 1069 687 avuncunlum.
1101 636 1175 687 Chl’.
1195 637 1328 687 XXXVII.

304 786 438 848 iuvenis
462 784 513 847 illi
536 783 734 848 faciendum
758 781 938 865 grabatum
963 783 1156 847 cubitorum
1179 805 1239 849 sex
1262 784 1498 850 demandaret.

303 886 352 951 Et
369 885 610 970 iussitIoseph
626 906 734 970 puero
752 906 814 950 suo
832 884 986 950 incidere
1004 885 1135 969 lignum
1152 907 1233 952 seca
1248 886 1362 953 ferrea
1378 909 1500 954 secuu-

305 991 385 1056 dum
401 1011 596 1056 mensuram
608 998 710 1074 quam
727 990 879 1056 miserat.
905 986 974 1074 Qui
991 1010 1060 1054 non
1077 990 1415 1057 servavitdefinitum
1432 991 1499 1058 sibi

304 1095 458 1177 modum3
482 1093 543 1160 sed
560 1094 645 1170 fecit
666 1117 773 1160 unum
788 1094 921 1180 lignum
938 1094 1076 1160 brevius
1098 1094 1218 1162 altero.
1249 1095 1297 1161 Et
1314 1097 1430 1181 coepit
1445 1095 1501 1163 Io·

304 1200 389 1284 seph
411 1198 603 1266 aestuando
627 1200 781 1284 cogitare
805 1199 888 1284 quid
912 1198 1111 1265 faciendum
1135 1200 1167 1265 ci
1188 1209 1281 1266 esset
1301 1222 1407 1285 super
1423 1200 1500 1268 hoc.

303 1304 373 1369 ’Et
388 1311 427 1368 ut
439 1303 637 1369 viditlesus
655 1324 732 1369 eum
749 1305 799 1368 sic
815 1308 1031 1369 aestuantem
1048 1304 1271 1387 cogitatione,
1290 1306 1344 1369 cui
1362 1303 1498 1391 [quial]

303 1428 358 1471 res
370 1413 468 1490 gesta
479 1406 706 1488 impossibilis
718 1411 802 1486 erat,
817 1405 1052 1469 consolatoria
1062 1427 1142 1470 voco
1156 1406 1349 1489 alloquitur
1359 1428 1437 1471 eum
1450 1407 1500 1471 di·

303 1527 398 1573 cens:
430 1506 523 1576 Veni
539 1514 719 1573 teneamus
737 1507 852 1589 capita
871 1506 1087 1589 singulorum
1104 1507 1288 1590 lignorum,
1306 1514 1341 1573 et
1357 1509 1501 1573 coniun-

303 1631 423 1694 gamus
440 1631 481 1675 ea
492 1617 597 1692 caput
613 1610 656 1675 ad
673 1614 786 1693 caput,
804 1614 840 1673 et
853 1629 1083 1692 coaequemus
1101 1610 1201 1674 caud
1218 1631 1253 1674 se
1272 1610 1500 1675 attrahamus

304 1712 346 1778 ad
363 1733 442 1778 nos:
467 1712 658 1795 poterimus
676 1712 768 1777 enim
785 1732 826 1776 ea
842 1710 957 1776 facere
975 1712 1147 1795 aequalia.
1182 1711 1281 1777 Tunc
1296 1712 1426 1795 Ioseph
1443 1711 1502 1778 ob·

303 1815 509 1899 temperavit
524 1814 676 1894 iubenti;
697 1813 831 1879 sciebat
848 1815 938 1879 enirn
956 1814 1048 1897 quod
1065 1822 1186 1896 posset
1201 1815 1315 1880 facere
1333 1813 1501 1897 quicquid

302 1916 418 1983 vellet.
463 1916 511 1981 Et
531 1916 764 2000 apprehendit
782 1916 912 2000 Ioseph
936 1917 1052 2000 capita
1072 1917 1244 2000 lignorum
1268 1925 1303 1982 et
1324 1918 1437 1981 iunxit
1456 1917 1500 1982 ad

303 2021 472 2103 parietem
490 2024 525 2082 et
539 2020 637 2083 iuxta
653 2039 700 2099 se,
719 2023 754 2082 et
769 2018 884 2082 tenuit
898 2016 999 2081 Iesus
1016 2017 1128 2082 altera
1145 2021 1260 2100 capita
1276 2018 1450 2100 lignorum
1467 2026 1503 2083 et

304 2122 411 2186 traxit
431 2119 474 2185 ad
496 2140 532 2184 se
555 2118 692 2184 brevius
714 2120 847 2202 lignum
871 2125 906 2184 et
923 2121 1128 2202 coaequavit
1149 2121 1244 2203 ligno
1262 2121 1423 2204 longiori.
1455 2120 1503 2184 at

305 2222 393 2286 dixit
414 2221 458 2286 ad
473 2220 617 2304 Ioseph:
651 2220 750 2299 Vade
768 2221 921 2304 operari,
945 2227 981 2286 et
1002 2219 1057 2286 fao
1074 2220 1167 2304 quod
1185 2222 1357 2287 facturum
1375 2229 1408 2286 te
1425 2243 1502 2304 pro·

303 2325 458 2389 miseras.
490 2322 538 2387 Et
554 2321 639 2388 fecit
654 2321 783 2406 Ioseph
801 2320 894 2406 quod
910 2323 1127 2406 promiserat.

303 2553 449 2604 cubitorum.
474 2550 525 2600 Ios.
544 2554 627 2600 antem
644 2551 718 2600 inerit
733 2565 812 2613 puero
831 2549 942 2598 trrce'dere
961 2548 1032 2614 ligna
1048 2567 1123 2600 serra
1131 2551 1226 2616 sema
1242 2551 1342 2600 secund.
1360 2569 1502 2602 mensurant

303 2656 377 2706 quam
385 2639 549 2703 promiserat.
578 2636 628 2699 Qui
639 2653 689 2687 nen
701 2637 813 2687 servavit
824 2636 873 2686 abi
884 2636 1014 2702 definitum
1024 2637 1136 2695 modurn,
1155 2637 1200 2687 aa
1212 2654 1286 2686 unum
1298 2637 1435 2704 lipasecit
1447 2639 1500 2690 hre-

303 2728 357 2777 nius
375 2725 467 2775 altero.
492 2725 530 2774 Et
542 2725 623 2786 coepit
636 2749 644 2760 ·
657 2738 733 2785 cuper·
745 2725 798 2772 hoc.
834 2717 845 2750 ²
863 2723 901 2772 Et
918 2728 946 2772 ut
958 2723 1009 2771 uid.
1022 2739 1076 2772 eum
1089 2723 1138 2773 Iee.
1155 2723 1193 2772 aa·
1210 2727 1365 2773 adeuntem
1377 2725 1500 2788 cogitare,

302 2811 476 2862 coneolatoria
493 2826 552 2859 uoce
565 2835 573 2845 -
586 2810 687 2859 (licent.-
712 2808 774 2857 Noli
790 2810 942 2858 contristari
948 2844 955 2866 ,
972 2809 1016 2857 aad
1024 2823 1091 2870 pone
1104 2809 1202 2857 breuius
1215 2809 1309 2872 lignum
1326 2813 1352 2859 et
1364 2814 1392 2858 ta
1409 2825 1499 2874 appre-

301 2899 381 2949 hende
395 2912 443 2960 per·
455 2913 529 2946 unum
542 2900 620 2960 caput
631 2895 698 2945 iltrul
716 2899 741 2944 ct
757 2911 801 2959 epo
810 2910 861 2958 per
872 2894 960 2951 celim,
978 2898 1003 2943 et
1015 2911 1158 2959 coequemur
1170 2911 1200 2943 ea
1205 2912 1214 2952 ,·
1228 2895 1368 2958 poterirnas
1386 2898 1451 2946 enlm
1469 2914 1501 2946 ea

302 2985 511 3050 equaliasacere.
536 2983 649 3047 Etsear't
661 2983 752 3043 Ioseph
763 2983 829 3030 aaut
838 2985 1009 3044 praeceperat
1020 2982 1044 3030 ei
1055 2982 1139 3030 Ianuar
1157 2982 1252 3031 sciehat
1268 2983 1332 3030 anun
1345 2984 1405 3047 qnia
1415 2987 1501 3045 poscet

295 3073 390 3139 facere
402 3070 468 3134 qaod
479 3068 563 3118 uellet.
588 3068 626 3117 Et
638 3068 806 3131 apprehendit
818 3067 909 3128 Ioseph
921 3065 970 3114 duo
983 3068 1071 3128 capita
1084 3066 1208 3130 ligatorum
1227 3072 1252 3116 et
1268 3068 1352 3117 ircrrait
1370 3069 1404 3117 ad
1412 3070 1501 3130 parte·

304 3163 352 3207 tem
365 3157 484 3221 (videtur
501 3160 526 3204 et
539 3155 609 3219 quod
623 3155 648 3202 h.
659 3155 677 3205 l.
690 3167 708 3203 a
721 3154 797 3202 addit
810 3153 952 3202 delendum
967 3153 1036 3214 asso)
1049 3155 1123 3202 iusta
1138 3170 1164 3202 ee
1181 3158 1205 3202 et
1223 3155 1302 3203 tenuit
1316 3151 1402 3217 [Iesus
1414 3154 1501 3204 altera

305 3245 391 3306 capita
404 3241 537 3306 lignorum,
549 3255 568 3291 1>
579 3257 620 3291 om
631 3238 712 3304 haec]
725 3245 750 3289 et
762 3241 844 3289 traxit
857 3241 891 3288 acl
900 3256 926 3289 se
939 3240 1037 3288 brevius
1049 3240 1143 3302 lipnam
1155 3245 1180 3289 et
1190 3241 1320 3303 coequavit
1329 3240 1423 3304 lignum
1434 3241 1503 3304 ligna

303 3334 329 3379 et
340 3330 407 3378 atate
419 3330 453 3377 ad
463 3328 567 3390 Ioseph:
586 3327 654 3375 Ecce
666 3341 773 3389 operare
786 3328 905 3390 quomoda
918 3328 963 3375 oie.
983 3326 1073 3386 Ioseph
1086 3332 1168 3375 autem
1181 3343 1234 3374 cum
1246 3327 1351 3375 untiaret
1363 3327 1503 3391 qnodsee.'t

305 3416 384 3472 letus,
397 3414 558 3476 arnpleuatua
569 3417 607 3462 eet
618 3429 671 3460 eum
684 3416 709 3460 et
717 3412 797 3461 dint:
810 3413 908 3460 Beatus
916 3428 969 3459 nuru
981 3428 1025 3474 apo
1036 3414 1096 3475 quia
1105 3412 1273 3475 talemfiliam
1283 3412 1354 3459 elcnltt
1362 3411 1423 3459 rrrihi
1432 3412 1501 3459 clance.

373 3499 405 3547 lu
419 3499 510 3547 codice
523 3509 540 3544 a
554 3497 667 3545 historia
680 3496 733 3544 ista
745 3497 783 3543 sio
797 3497 893 3544 habet:

374 3579 383 3610 ¹
395 3584 458 3632 Part
469 3584 531 3630 haec
543 3581 644 3644 quidam
656 3581 811 3629 architector
823 3579 961 3644 llpnifaher
973 3580 1031 3627 dum
1042 3580 1146 3644 faceret
1161 3584 1278 3627 aratrum
1288 3594 1337 3641 pro
1349 3580 1407 3642 lupo
1421 3579 1501 3637 houna,

304 3670 372 3719 uenit
385 3668 486 3732 quietam
498 3664 552 3731 [et]
565 3667 633 3714 aare
643 3667 682 3714 ei.-
701 3666 754 3714 Fac
765 3666 826 3713 mihi
838 3666 976 3728 speciosam
985 3664 1129 3729 gradatam.
1151 3665 1209 3713 Cam
1222 3665 1305 3712 omnia
1315 3665 1385 3727 ltpna
1395 3665 1503 3727 prahatr'

304 3755 535 3819 operatussuc'eset,
548 3752 654 3816 cantiplt
665 3752 731 3816 quod
743 3752 867 3816 quoddam
880 3751 1038 3816 tlpnunssult
1049 3751 1120 3800 hreoe
1132 3768 1207 3800 unam
1218 3766 1348 3813 epanrmrn.
1376 3751 1443 3799 lianc
1456 3752 1502 3801 ille

305 3841 443 3907 liputsaher
459 3841 542 3901 coepit
557 3839 713 3889 contrane.
749 3834 760 3866 ¹
780 3839 885 3902 Cumque
902 3840 1006 3888 vidiant
1023 3855 1076 3887 earn
1095 3839 1179 3896 Iesus,
1199 3838 1344 3887 nonanta
1360 3855 1414 3887 earn
1433 3839 1501 3887 ‹lialt

305 3931 343 3978 eir
362 3928 424 3977 Noti
436 3927 597 3983 ‹·ontrc'atart,·
613 3926 656 3974 red
669 3925 827 3988 apprehende
839 3941 870 3973 ea
880 3941 932 3973 una
940 3929 1026 3988 parta,
1040 3929 1064 3974 et
1076 3941 1120 3988 epo
1133 3941 1164 3972 aa·
1176 3924 1231 3972 alta
1243 3926 1375 3973 estendam
1387 3925 1454 3973 illud
1466 3926 1501 3974 acl

305 4033 350 4065 ure.
371 4015 430 4063 Cerne
442 4019 524 4063 autem
536 4014 689 4063 eatendirrat
701 4012 767 4061 illud
779 4012 813 4061 ad
826 4011 1006 4075 longitudinm
1018 4011 1126 4060 alterins
1139 4008 1210 4091 lippi,
1223 4011 1290 4059 aaa
1302 4012 1336 4059 acl
1348 4028 1416 4060 earn:
1432 4012 1501 4060 Ecce

304 4103 377 4152 modo
394 4105 511 4150 conarere
523 4099 659 4164 prahatarn
675 4100 740 4147 elcut
756 4099 801 4146 nie.
826 4098 988 4147 Architector
1006 4096 1051 4145 ille
1069 4101 1094 4146 et
1110 4112 1193 4145 omnen
1209 4098 1252 4161 qui
1268 4113 1321 4144 cum
1338 4112 1366 4145 eo
1382 4101 1458 4146 erant
1474 4098 1502 4146 in

260 4208 264 4219 ·
305 4190 376 4238 darno
386 4201 440 4235 carn
449 4185 571 4235 uidissent
582 4185 678 4248 ripaurn
690 4185 874 4249 quodsecerat,
887 4184 1043 4232 admhantee
1052 4183 1185 4231 clismate
1204 4181 1269 4231 Vero
1281 4183 1321 4230 hic
1333 4185 1371 4230 cet
1381 4181 1500 4240 Messias,

306 4289 376 4338 quern
387 4269 584 4335 expectantjllr'e'
595 4268 688 4318 Israel.
1129 4333 1131 4337 ¹

375 4355 502 4419 Sequitur
515 4355 565 4402 hoo
579 4355 638 4403 loco
655 4355 683 4402 in
696 4352 788 4401 codice
801 4365 818 4399 a
831 4351 1033 4400 narratiuncula
1046 4365 1113 4413 queo
1132 4352 1209 4400 abeat
1228 4350 1315 4399 acdd.
1331 4366 1345 4399 a
1361 4359 1389 4401 et
1400 4366 1427 4401 n.
1453 4352 1502 4400 Est

306 4449 394 4495 autem
408 4442 488 4490 hacc:

374 4529 413 4577 Et
425 4541 479 4574 carm
491 4525 563 4574 Iesus
575 4539 628 4572 caan
643 4522 705 4571 aliie
716 4521 853 4587 infantulis
864 4537 940 4583 nuper
951 4522 1041 4570 rudior
1052 4522 1122 4571 solue
1133 4520 1161 4583 (l
1172 4520 1285 4570 salaai?
1312 4521 1446 4585 Scriptum
1460 4531 1503 4572 eat

304 4613 368 4678 eol‘)
385 4613 476 4678 alatque
490 4610 579 4676 plures
595 4609 742 4659 ascenderet
757 4612 783 4658 et
798 4609 908 4666 rederet,
929 4609 1050 4673 multique
1068 4609 1146 4657 simili
1162 4609 1234 4659 nodo
1247 4610 1342 4675 facere
1358 4614 1503 4673 coeperunt,

301 4698 551 4768 praecipitabantur,
564 4702 589 4747 et
601 4711 685 4747 emm
698 4695 973 4761 aurasrangehaetur
985 4699 1010 4745 et
1022 4695 1135 4744 machia.
1155 4694 1206 4744 Sed
1218 4695 1332 4745 minae
1345 4696 1416 4745 [eane
1428 4712 1504 4746 rana·

305 4792 348 4840 hat
360 4803 450 4840 onrnee.
