<?xml version="1.0" encoding="UTF-8"?>
<!DOCTYPE html PUBLIC "-//W3C//DTD XHTML 1.0 Transitional//EN"
    "http://www.w3.org/TR/xhtml1/DTD/xhtml1-transitional.dtd">
<html xmlns="http://www.w3.org/1999/xhtml" xml:lang="en" lang="en">
 <head>
  <title>
</title>
<meta http-equiv="Content-Type" content="text/html;charset=utf-8" />
  <meta name='ocr-system' content='tesseract 3.04.00' />
  <meta name='ocr-capabilities' content='ocr_page ocr_carea ocr_par ocr_line ocrx_word'/>
</head>
<body>
  <div class='ocr_page' id='page_1' title='image "./evangeliaapocry02tiscgoog_0302.png"; bbox 0 0 3458 5640; ppageno 0'>
   <div class='ocr_carea' id='block_1_1' title="bbox 270 624 1289 688">
    <p class='ocr_par' dir='ltr' id='par_1_1' title="bbox 270 624 1289 688">
     <span class='ocr_line' id='line_1_1' title="bbox 270 624 1289 688; baseline 0 -10"><span class='ocrx_word' id='word_1_1' title='bbox 270 625 330 688; x_wconf 84' lang='grc'>186</span> <span class='ocrx_word' id='word_1_2' title='bbox 447 626 680 676; x_wconf 73' lang='lat' dir='ltr'>EVANGELIUM</span> <span class='ocrx_word' id='word_1_3' title='bbox 698 625 891 676; x_wconf 74' lang='lat' dir='ltr'>nvmvvvsu</span> <span class='ocrx_word' id='word_1_4' title='bbox 909 624 1101 676; x_wconf 69' lang='lat' dir='ltr'>assumunt</span> <span class='ocrx_word' id='word_1_5' title='bbox 1134 625 1195 678; x_wconf 84' lang='lat' dir='ltr'><strong>XII.</strong></span> <span class='ocrx_word' id='word_1_6' title='bbox 1213 627 1289 679; x_wconf 82' lang='lat' dir='ltr'>xm.</span> 
     </span>
    </p>
   </div>
   <div class='ocr_carea' id='block_1_2' title="bbox 267 772 1470 1274">
    <p class='ocr_par' dir='ltr' id='par_1_2' title="bbox 267 772 1470 1274">
     <span class='ocr_line' id='line_1_2' title="bbox 267 772 1470 861; baseline 0.004 -20"><span class='ocrx_word' id='word_1_7' title='bbox 267 775 383 841; x_wconf 91' lang='lat' dir='ltr'>Maria</span> <span class='ocrx_word' id='word_1_8' title='bbox 398 775 530 840; x_wconf 89' lang='lat' dir='ltr'>laverat</span> <span class='ocrx_word' id='word_1_9' title='bbox 545 774 673 840; x_wconf 84' lang='lat' dir='ltr'>fascias</span> <span class='ocrx_word' id='word_1_10' title='bbox 690 775 822 840; x_wconf 92' lang='lat' dir='ltr'>domini</span> <span class='ocrx_word' id='word_1_11' title='bbox 840 772 972 840; x_wconf 79' lang='lat' dir='ltr'>Christi</span> <span class='ocrx_word' id='word_1_12' title='bbox 993 794 1122 858; x_wconf 86' lang='lat' dir='ltr'>easque</span> <span class='ocrx_word' id='word_1_13' title='bbox 1145 795 1252 859; x_wconf 90' lang='lat' dir='ltr'>super</span> <span class='ocrx_word' id='word_1_14' title='bbox 1269 775 1366 861; x_wconf 86' lang='lat' dir='ltr'>ligna</span> <span class='ocrx_word' id='word_1_15' title='bbox 1383 784 1470 846; x_wconf 88' lang='lat' dir='ltr'>stra·</span> 
     </span>
     <span class='ocr_line' id='line_1_3' title="bbox 267 876 1470 962; baseline 0.003 -19"><span class='ocrx_word' id='word_1_16' title='bbox 267 883 373 944; x_wconf 89' lang='lat' dir='ltr'>verat.</span> <span class='ocrx_word' id='word_1_17' title='bbox 418 877 527 948; x_wconf 83' lang='lat' dir='ltr'>Venit</span> <span class='ocrx_word' id='word_1_18' title='bbox 557 878 666 962; x_wconf 87' lang='lat' dir='ltr'>igitur</span> <span class='ocrx_word' id='word_1_19' title='bbox 695 899 784 961; x_wconf 90' lang='lat' dir='ltr'>puer</span> <span class='ocrx_word' id='word_1_20' title='bbox 816 879 882 943; x_wconf 90' lang='lat' dir='ltr'>iste</span> <span class='ocrx_word' id='word_1_21' title='bbox 914 876 1175 959; x_wconf 88' lang='lat' dir='ltr'>daemoniacus,</span> <span class='ocrx_word' id='word_1_22' title='bbox 1211 899 1316 944; x_wconf 90' lang='lat' dir='ltr'>unam</span> <span class='ocrx_word' id='word_1_23' title='bbox 1346 880 1470 946; x_wconf 89' lang='lat' dir='ltr'>harum</span> 
     </span>
     <span class='ocr_line' id='line_1_4' title="bbox 268 980 1469 1067; baseline 0.002 -18"><span class='ocrx_word' id='word_1_24' title='bbox 268 984 455 1049; x_wconf 84' lang='lat' dir='ltr'>fasciarum</span> <span class='ocrx_word' id='word_1_25' title='bbox 473 983 598 1049; x_wconf 81' lang='lat' dir='ltr'>sumsit</span> <span class='ocrx_word' id='word_1_26' title='bbox 614 1003 759 1067; x_wconf 90' lang='lat' dir='ltr'>eamque</span> <span class='ocrx_word' id='word_1_27' title='bbox 781 982 887 1066; x_wconf 87' lang='lat' dir='ltr'>capiti</span> <span class='ocrx_word' id='word_1_28' title='bbox 904 1001 966 1046; x_wconf 92' lang='lat' dir='ltr'>suo</span> <span class='ocrx_word' id='word_1_29' title='bbox 987 980 1166 1064; x_wconf 84' lang='lat' dir='ltr'>imposuit:</span> <span class='ocrx_word' id='word_1_30' title='bbox 1189 986 1262 1047; x_wconf 93' lang='lat' dir='ltr'>tum</span> <span class='ocrx_word' id='word_1_31' title='bbox 1279 982 1469 1052; x_wconf 88' lang='lat' dir='ltr'>daemones</span> 
     </span>
     <span class='ocr_line' id='line_1_5' title="bbox 268 1084 1469 1170; baseline 0.002 -18"><span class='ocrx_word' id='word_1_32' title='bbox 268 1106 448 1152; x_wconf 89' lang='lat' dir='ltr'>corvorum</span> <span class='ocrx_word' id='word_1_33' title='bbox 477 1104 518 1149; x_wconf 90' lang='lat' dir='ltr'>ac</span> <span class='ocrx_word' id='word_1_34' title='bbox 543 1091 745 1167; x_wconf 84' lang='lat' dir='ltr'>serpentum</span> <span class='ocrx_word' id='word_1_35' title='bbox 769 1084 881 1170; x_wconf 85' lang='lat' dir='ltr'>figura</span> <span class='ocrx_word' id='word_1_36' title='bbox 905 1084 1081 1169; x_wconf 84' lang='lat' dir='ltr'>fugientes</span> <span class='ocrx_word' id='word_1_37' title='bbox 1112 1104 1153 1149; x_wconf 86' lang='lat' dir='ltr'>ex</span> <span class='ocrx_word' id='word_1_38' title='bbox 1182 1105 1241 1150; x_wconf 90' lang='lat' dir='ltr'>ore</span> <span class='ocrx_word' id='word_1_39' title='bbox 1271 1086 1347 1152; x_wconf 87' lang='lat' dir='ltr'>eius</span> <span class='ocrx_word' id='word_1_40' title='bbox 1373 1089 1469 1155; x_wconf 85' lang='lat' dir='ltr'>exire</span> 
     </span>
     <span class='ocr_line' id='line_1_6' title="bbox 268 1185 1470 1274; baseline 0.001 -19"><span class='ocrx_word' id='word_1_41' title='bbox 268 1193 469 1272; x_wconf 88' lang='lat' dir='ltr'>coeperunt.</span> <span class='ocrx_word' id='word_1_42' title='bbox 499 1187 685 1270; x_wconf 85' lang='lat' dir='ltr'>Extemplo</span> <span class='ocrx_word' id='word_1_43' title='bbox 703 1186 834 1252; x_wconf 91' lang='lat' dir='ltr'>domini</span> <span class='ocrx_word' id='word_1_44' title='bbox 852 1185 983 1253; x_wconf 83' lang='lat' dir='ltr'>Christi</span> <span class='ocrx_word' id='word_1_45' title='bbox 1003 1187 1102 1251; x_wconf 90' lang='lat' dir='ltr'>iussu</span> <span class='ocrx_word' id='word_1_46' title='bbox 1125 1192 1267 1253; x_wconf 89' lang='lat' dir='ltr'>sanatus</span> <span class='ocrx_word' id='word_1_47' title='bbox 1290 1189 1357 1254; x_wconf 90' lang='lat' dir='ltr'>iste</span> <span class='ocrx_word' id='word_1_48' title='bbox 1379 1213 1470 1274; x_wconf 85' lang='lat' dir='ltr'>puer</span> 
     </span>
    </p>
   </div>
   <div class='ocr_carea' id='block_1_3' title="bbox 265 1288 1468 2407">
    <p class='ocr_par' dir='ltr' id='par_1_3' title="bbox 265 1288 1468 2407">
     <span class='ocr_line' id='line_1_7' title="bbox 267 1288 1467 1376; baseline 0.003 -20"><span class='ocrx_word' id='word_1_49' title='bbox 267 1292 370 1356; x_wconf 87' lang='lat' dir='ltr'>deum</span> <span class='ocrx_word' id='word_1_50' title='bbox 387 1288 542 1373; x_wconf 86' lang='lat' dir='ltr'>laudaro,</span> <span class='ocrx_word' id='word_1_51' title='bbox 559 1289 642 1354; x_wconf 92' lang='lat' dir='ltr'>hinc</span> <span class='ocrx_word' id='word_1_52' title='bbox 658 1288 797 1354; x_wconf 89' lang='lat' dir='ltr'>domino</span> <span class='ocrx_word' id='word_1_53' title='bbox 811 1289 871 1373; x_wconf 93' lang='lat' dir='ltr'>qui</span> <span class='ocrx_word' id='word_1_54' title='bbox 888 1288 1001 1373; x_wconf 89' lang='lat' dir='ltr'>ipsum</span> <span class='ocrx_word' id='word_1_55' title='bbox 1019 1295 1202 1354; x_wconf 77' lang='lat' dir='ltr'>sanaverat</span> <span class='ocrx_word' id='word_1_56' title='bbox 1216 1291 1346 1373; x_wconf 85' lang='lat' dir='ltr'>gratias</span> <span class='ocrx_word' id='word_1_57' title='bbox 1363 1312 1467 1376; x_wconf 82' lang='lat' dir='ltr'>agere</span> 
     </span>
     <span class='ocr_line' id='line_1_8' title="bbox 267 1389 1466 1477; baseline 0 -17"><span class='ocrx_word' id='word_1_58' title='bbox 267 1394 392 1477; x_wconf 87' lang='lat' dir='ltr'>coepit.</span> <span class='ocrx_word' id='word_1_59' title='bbox 432 1389 544 1475; x_wconf 83' lang='lat' dir='ltr'>Quem</span> <span class='ocrx_word' id='word_1_60' title='bbox 561 1412 638 1457; x_wconf 91' lang='lat' dir='ltr'>cum</span> <span class='ocrx_word' id='word_1_61' title='bbox 655 1391 799 1457; x_wconf 90' lang='lat' dir='ltr'>sanitati</span> <span class='ocrx_word' id='word_1_62' title='bbox 815 1391 1018 1455; x_wconf 90' lang='lat' dir='ltr'>restitutum</span> <span class='ocrx_word' id='word_1_63' title='bbox 1034 1395 1135 1473; x_wconf 89' lang='lat' dir='ltr'>pater</span> <span class='ocrx_word' id='word_1_64' title='bbox 1149 1390 1310 1475; x_wconf 88' lang='lat' dir='ltr'>vidisset,</span> <span class='ocrx_word' id='word_1_65' title='bbox 1334 1391 1386 1459; x_wconf 89' lang='lat' dir='ltr'>Mi</span> <span class='ocrx_word' id='word_1_66' title='bbox 1403 1394 1466 1477; x_wconf 88' lang='lat' dir='ltr'>fili,</span> 
     </span>
     <span class='ocr_line' id='line_1_9' title="bbox 266 1491 1467 1581; baseline 0.001 -18"><span class='ocrx_word' id='word_1_67' title='bbox 266 1498 393 1580; x_wconf 88' lang='lat' dir='ltr'>inquit,</span> <span class='ocrx_word' id='word_1_68' title='bbox 411 1494 495 1581; x_wconf 90' lang='lat' dir='ltr'>quid</span> <span class='ocrx_word' id='word_1_69' title='bbox 513 1495 578 1561; x_wconf 93' lang='lat' dir='ltr'>tibi</span> <span class='ocrx_word' id='word_1_70' title='bbox 595 1491 747 1561; x_wconf 81' lang='lat' dir='ltr'>accidit?</span> <span class='ocrx_word' id='word_1_71' title='bbox 768 1499 888 1579; x_wconf 91' lang='lat' dir='ltr'>etqua</span> <span class='ocrx_word' id='word_1_72' title='bbox 905 1494 1041 1560; x_wconf 86' lang='lat' dir='ltr'>ratione</span> <span class='ocrx_word' id='word_1_73' title='bbox 1059 1500 1201 1561; x_wconf 82' lang='lat' dir='ltr'>sanatus</span> <span class='ocrx_word' id='word_1_74' title='bbox 1219 1491 1279 1560; x_wconf 80' lang='lat' dir='ltr'>es?</span> <span class='ocrx_word' id='word_1_75' title='bbox 1308 1495 1467 1581; x_wconf 86' lang='lat' dir='ltr'>Respon-</span> 
     </span>
     <span class='ocr_line' id='line_1_10' title="bbox 267 1597 1468 1682; baseline 0.001 -16"><span class='ocrx_word' id='word_1_76' title='bbox 267 1601 319 1667; x_wconf 89' lang='lat' dir='ltr'>dit</span> <span class='ocrx_word' id='word_1_77' title='bbox 334 1601 442 1665; x_wconf 90' lang='lat' dir='ltr'>filius:</span> <span class='ocrx_word' id='word_1_78' title='bbox 478 1598 565 1666; x_wconf 83' lang='lat' dir='ltr'>Cum</span> <span class='ocrx_word' id='word_1_79' title='bbox 582 1599 769 1665; x_wconf 89' lang='lat' dir='ltr'>daemones</span> <span class='ocrx_word' id='word_1_80' title='bbox 785 1620 838 1664; x_wconf 91' lang='lat' dir='ltr'>me</span> <span class='ocrx_word' id='word_1_81' title='bbox 855 1597 951 1663; x_wconf 91' lang='lat' dir='ltr'>humi</span> <span class='ocrx_word' id='word_1_82' title='bbox 967 1599 1248 1682; x_wconf 89' lang='lat' dir='ltr'>prostravissent,</span> <span class='ocrx_word' id='word_1_83' title='bbox 1270 1599 1306 1664; x_wconf 93' lang='lat' dir='ltr'>in</span> <span class='ocrx_word' id='word_1_84' title='bbox 1323 1620 1468 1667; x_wconf 91' lang='lat' dir='ltr'>nosoco-</span> 
     </span>
     <span class='ocr_line' id='line_1_11' title="bbox 265 1702 1466 1788; baseline 0 -19"><span class='ocrx_word' id='word_1_85' title='bbox 265 1705 372 1769; x_wconf 92' lang='lat' dir='ltr'>mium</span> <span class='ocrx_word' id='word_1_86' title='bbox 388 1703 470 1784; x_wconf 90' lang='lat' dir='ltr'>abii,</span> <span class='ocrx_word' id='word_1_87' title='bbox 487 1702 608 1788; x_wconf 89' lang='lat' dir='ltr'>ibique</span> <span class='ocrx_word' id='word_1_88' title='bbox 624 1702 789 1768; x_wconf 77' lang='lat' dir='ltr'>feminam</span> <span class='ocrx_word' id='word_1_89' title='bbox 807 1708 990 1787; x_wconf 85' lang='lat' dir='ltr'>augustam</span> <span class='ocrx_word' id='word_1_90' title='bbox 1008 1723 1085 1767; x_wconf 91' lang='lat' dir='ltr'>oum</span> <span class='ocrx_word' id='word_1_91' title='bbox 1096 1723 1203 1785; x_wconf 89' lang='lat' dir='ltr'>puero</span> <span class='ocrx_word' id='word_1_92' title='bbox 1221 1703 1348 1786; x_wconf 90' lang='lat' dir='ltr'>inveni,</span> <span class='ocrx_word' id='word_1_93' title='bbox 1366 1704 1466 1770; x_wconf 90' lang='lat' dir='ltr'>cuius</span> 
     </span>
     <span class='ocr_line' id='line_1_12' title="bbox 265 1805 1468 1892; baseline 0.002 -20"><span class='ocrx_word' id='word_1_94' title='bbox 265 1807 328 1873; x_wconf 90' lang='lat' dir='ltr'>illa</span> <span class='ocrx_word' id='word_1_95' title='bbox 338 1807 466 1873; x_wconf 77' lang='lat' dir='ltr'>fascias</span> <span class='ocrx_word' id='word_1_96' title='bbox 477 1827 600 1872; x_wconf 89' lang='lat' dir='ltr'>recens</span> <span class='ocrx_word' id='word_1_97' title='bbox 611 1807 702 1873; x_wconf 90' lang='lat' dir='ltr'>lotas</span> <span class='ocrx_word' id='word_1_98' title='bbox 713 1806 819 1890; x_wconf 87' lang='lat' dir='ltr'>lignis</span> <span class='ocrx_word' id='word_1_99' title='bbox 836 1805 1022 1871; x_wconf 90' lang='lat' dir='ltr'>iniecerat:</span> <span class='ocrx_word' id='word_1_100' title='bbox 1040 1805 1161 1871; x_wconf 90' lang='lat' dir='ltr'>harum</span> <span class='ocrx_word' id='word_1_101' title='bbox 1175 1827 1279 1872; x_wconf 89' lang='lat' dir='ltr'>unam</span> <span class='ocrx_word' id='word_1_102' title='bbox 1294 1814 1468 1892; x_wconf 82' lang='lat' dir='ltr'>arreptam</span> 
     </span>
     <span class='ocr_line' id='line_1_13' title="bbox 265 1908 1468 1995; baseline 0.002 -19"><span class='ocrx_word' id='word_1_103' title='bbox 265 1917 452 1995; x_wconf 92' lang='lat' dir='ltr'>postquam</span> <span class='ocrx_word' id='word_1_104' title='bbox 474 1910 582 1994; x_wconf 90' lang='lat' dir='ltr'>capiti</span> <span class='ocrx_word' id='word_1_105' title='bbox 605 1930 681 1976; x_wconf 91' lang='lat' dir='ltr'>meo</span> <span class='ocrx_word' id='word_1_106' title='bbox 707 1910 873 1993; x_wconf 91' lang='lat' dir='ltr'>imposui,</span> <span class='ocrx_word' id='word_1_107' title='bbox 898 1908 1121 1993; x_wconf 88' lang='lat' dir='ltr'>reliquerunt</span> <span class='ocrx_word' id='word_1_108' title='bbox 1144 1931 1197 1976; x_wconf 93' lang='lat' dir='ltr'>me</span> <span class='ocrx_word' id='word_1_109' title='bbox 1219 1910 1405 1977; x_wconf 88' lang='lat' dir='ltr'>daemones</span> <span class='ocrx_word' id='word_1_110' title='bbox 1431 1918 1468 1978; x_wconf 87' lang='lat' dir='ltr'>et</span> 
     </span>
     <span class='ocr_line' id='line_1_14' title="bbox 266 2011 1467 2097; baseline 0.001 -19"><span class='ocrx_word' id='word_1_111' title='bbox 266 2013 443 2097; x_wconf 83' lang='lat' dir='ltr'>ingerunt.</span> <span class='ocrx_word' id='word_1_112' title='bbox 473 2014 587 2085; x_wconf 89' lang='lat' dir='ltr'>Valde</span> <span class='ocrx_word' id='word_1_113' title='bbox 604 2013 647 2079; x_wconf 89' lang='lat' dir='ltr'>de</span> <span class='ocrx_word' id='word_1_114' title='bbox 664 2034 705 2078; x_wconf 91' lang='lat' dir='ltr'>eo</span> <span class='ocrx_word' id='word_1_115' title='bbox 722 2014 860 2097; x_wconf 86' lang='lat' dir='ltr'>gavisus</span> <span class='ocrx_word' id='word_1_116' title='bbox 876 2019 989 2095; x_wconf 87' lang='lat' dir='ltr'>pater,</span> <span class='ocrx_word' id='word_1_117' title='bbox 1012 2011 1064 2076; x_wconf 92' lang='lat' dir='ltr'>Mi</span> <span class='ocrx_word' id='word_1_118' title='bbox 1081 2011 1147 2094; x_wconf 90' lang='lat' dir='ltr'>fili,</span> <span class='ocrx_word' id='word_1_119' title='bbox 1170 2015 1234 2095; x_wconf 87' lang='lat' dir='ltr'>ait,</span> <span class='ocrx_word' id='word_1_120' title='bbox 1257 2012 1333 2078; x_wconf 89' lang='lat' dir='ltr'>ficri</span> <span class='ocrx_word' id='word_1_121' title='bbox 1349 2020 1467 2096; x_wconf 88' lang='lat' dir='ltr'>potest</span> 
     </span>
     <span class='ocr_line' id='line_1_15' title="bbox 266 2114 1466 2200; baseline 0.001 -20"><span class='ocrx_word' id='word_1_122' title='bbox 266 2121 307 2181; x_wconf 90' lang='lat' dir='ltr'>ut</span> <span class='ocrx_word' id='word_1_123' title='bbox 322 2115 379 2180; x_wconf 90' lang='lat' dir='ltr'>hic</span> <span class='ocrx_word' id='word_1_124' title='bbox 394 2136 482 2200; x_wconf 91' lang='lat' dir='ltr'>puer</span> <span class='ocrx_word' id='word_1_125' title='bbox 498 2117 544 2181; x_wconf 92' lang='lat' dir='ltr'>sit</span> <span class='ocrx_word' id='word_1_126' title='bbox 559 2114 653 2182; x_wconf 89' lang='lat' dir='ltr'>filius</span> <span class='ocrx_word' id='word_1_127' title='bbox 670 2116 809 2182; x_wconf 86' lang='lat' dir='ltr'>deiviri</span> <span class='ocrx_word' id='word_1_128' title='bbox 826 2117 887 2200; x_wconf 93' lang='lat' dir='ltr'>qui</span> <span class='ocrx_word' id='word_1_129' title='bbox 904 2115 1020 2181; x_wconf 87' lang='lat' dir='ltr'>caelos</span> <span class='ocrx_word' id='word_1_130' title='bbox 1038 2120 1074 2180; x_wconf 90' lang='lat' dir='ltr'>et</span> <span class='ocrx_word' id='word_1_131' title='bbox 1088 2120 1216 2182; x_wconf 89' lang='lat' dir='ltr'>terram</span> <span class='ocrx_word' id='word_1_132' title='bbox 1227 2117 1371 2182; x_wconf 89' lang='lat' dir='ltr'>creavit:</span> <span class='ocrx_word' id='word_1_133' title='bbox 1389 2136 1466 2181; x_wconf 90' lang='lat' dir='ltr'>oum</span> 
     </span>
     <span class='ocr_line' id='line_1_16' title="bbox 266 2215 1464 2302; baseline -0.002 -18"><span class='ocrx_word' id='word_1_134' title='bbox 266 2220 358 2284; x_wconf 90' lang='lat' dir='ltr'>enim</span> <span class='ocrx_word' id='word_1_135' title='bbox 374 2218 417 2284; x_wconf 92' lang='lat' dir='ltr'>ad</span> <span class='ocrx_word' id='word_1_136' title='bbox 429 2240 492 2288; x_wconf 90' lang='lat' dir='ltr'>uos</span> <span class='ocrx_word' id='word_1_137' title='bbox 503 2219 653 2300; x_wconf 86' lang='lat' dir='ltr'>transiit,</span> <span class='ocrx_word' id='word_1_138' title='bbox 671 2217 820 2285; x_wconf 85' lang='lat' dir='ltr'>fractum</span> <span class='ocrx_word' id='word_1_139' title='bbox 831 2223 885 2283; x_wconf 90' lang='lat' dir='ltr'>est</span> <span class='ocrx_word' id='word_1_140' title='bbox 897 2216 1040 2300; x_wconf 91' lang='lat' dir='ltr'>idolum,</span> <span class='ocrx_word' id='word_1_141' title='bbox 1058 2215 1332 2302; x_wconf 83' lang='lat' dir='ltr'>cecideruntque</span> <span class='ocrx_word' id='word_1_142' title='bbox 1344 2238 1464 2283; x_wconf 92' lang='lat' dir='ltr'>omues</span> 
     </span>
     <span class='ocr_line' id='line_1_17' title="bbox 266 2319 1015 2407; baseline 0 -21"><span class='ocrx_word' id='word_1_143' title='bbox 266 2322 316 2387; x_wconf 91' lang='lat' dir='ltr'>dii</span> <span class='ocrx_word' id='word_1_144' title='bbox 334 2328 369 2388; x_wconf 89' lang='lat' dir='ltr'>et</span> <span class='ocrx_word' id='word_1_145' title='bbox 383 2322 416 2388; x_wconf 93' lang='lat' dir='ltr'>vi</span> <span class='ocrx_word' id='word_1_146' title='bbox 431 2319 711 2407; x_wconf 82' lang='lat' dir='ltr'>magnificentiae</span> <span class='ocrx_word' id='word_1_147' title='bbox 732 2321 807 2387; x_wconf 90' lang='lat' dir='ltr'>eius</span> <span class='ocrx_word' id='word_1_148' title='bbox 823 2321 1015 2406; x_wconf 89' lang='lat' dir='ltr'>perierunt.</span> 
     </span>
    </p>
   </div>
   <div class='ocr_carea' id='block_1_4' title="bbox 748 2543 979 2612">
    <p class='ocr_par' dir='ltr' id='par_1_4' title="bbox 748 2543 979 2612">
     <span class='ocr_line' id='line_1_18' title="bbox 748 2543 979 2612; baseline 0.004 -1"><span class='ocrx_word' id='word_1_149' title='bbox 748 2543 868 2611; x_wconf 77' lang='lat' dir='ltr'>Cannu</span> <span class='ocrx_word' id='word_1_150' title='bbox 891 2543 979 2612; x_wconf 88' lang='lat' dir='ltr'>XH.</span> 
     </span>
    </p>
   </div>
   <div class='ocr_carea' id='block_1_5' title="bbox 263 2717 1464 2902">
    <p class='ocr_par' dir='ltr' id='par_1_5' title="bbox 263 2717 1464 2902">
     <span class='ocr_line' id='line_1_19' title="bbox 348 2717 1462 2802; baseline 0 -19"><span class='ocrx_word' id='word_1_151' title='bbox 348 2717 419 2783; x_wconf 88' lang='lat' dir='ltr'>Hic</span> <span class='ocrx_word' id='word_1_152' title='bbox 441 2719 585 2802; x_wconf 88' lang='lat' dir='ltr'>impleta</span> <span class='ocrx_word' id='word_1_153' title='bbox 604 2725 658 2783; x_wconf 91' lang='lat' dir='ltr'>est</span> <span class='ocrx_word' id='word_1_154' title='bbox 673 2717 858 2801; x_wconf 88' lang='lat' dir='ltr'>prophetia</span> <span class='ocrx_word' id='word_1_155' title='bbox 877 2738 966 2801; x_wconf 91' lang='lat' dir='ltr'>quae</span> <span class='ocrx_word' id='word_1_156' title='bbox 986 2718 1087 2783; x_wconf 89' lang='lat' dir='ltr'>dicit:</span> <span class='ocrx_word' id='word_1_157' title='bbox 1121 2717 1175 2782; x_wconf 83' lang='lat' dir='ltr'>Ex</span> <span class='ocrx_word' id='word_1_158' title='bbox 1190 2717 1326 2802; x_wconf 79' lang='lat' dir='ltr'>Egypto</span> <span class='ocrx_word' id='word_1_159' title='bbox 1343 2717 1462 2783; x_wconf 88' lang='lat' dir='ltr'>vocavi</span> 
     </span>
     <span class='ocr_line' id='line_1_20' title="bbox 263 2818 1464 2902; baseline -0.002 -17"><span class='ocrx_word' id='word_1_160' title='bbox 263 2821 373 2886; x_wconf 92' lang='lat' dir='ltr'>filium</span> <span class='ocrx_word' id='word_1_161' title='bbox 392 2840 533 2886; x_wconf 69' lang='lat' dir='ltr'>meum.v</span> <span class='ocrx_word' id='word_1_162' title='bbox 553 2819 726 2902; x_wconf 88' lang='lat' dir='ltr'>Iosephus</span> <span class='ocrx_word' id='word_1_163' title='bbox 743 2839 822 2883; x_wconf 90' lang='lat' dir='ltr'>vero</span> <span class='ocrx_word' id='word_1_164' title='bbox 846 2824 882 2882; x_wconf 89' lang='lat' dir='ltr'>et</span> <span class='ocrx_word' id='word_1_165' title='bbox 896 2818 1011 2883; x_wconf 91' lang='lat' dir='ltr'>Maria</span> <span class='ocrx_word' id='word_1_166' title='bbox 1031 2840 1107 2883; x_wconf 90' lang='lat' dir='ltr'>cnm</span> <span class='ocrx_word' id='word_1_167' title='bbox 1129 2819 1261 2885; x_wconf 91' lang='lat' dir='ltr'>idolum</span> <span class='ocrx_word' id='word_1_168' title='bbox 1285 2818 1374 2883; x_wconf 87' lang='lat' dir='ltr'>illud</span> <span class='ocrx_word' id='word_1_169' title='bbox 1391 2839 1464 2883; x_wconf 86' lang='lat' dir='ltr'>cor·</span> 
     </span>
    </p>
   </div>
   <div class='ocr_carea' id='block_1_6' title="bbox 263 2921 1466 3512">
    <p class='ocr_par' dir='ltr' id='par_1_6' title="bbox 263 2921 1466 3512">
     <span class='ocr_line' id='line_1_21' title="bbox 263 2921 1464 3006; baseline -0.001 -19"><span class='ocrx_word' id='word_1_170' title='bbox 263 2922 377 2988; x_wconf 90' lang='lat' dir='ltr'>ruisse</span> <span class='ocrx_word' id='word_1_171' title='bbox 394 2925 587 3006; x_wconf 87' lang='lat' dir='ltr'>etperiisse</span> <span class='ocrx_word' id='word_1_172' title='bbox 604 2922 797 3004; x_wconf 91' lang='lat' dir='ltr'>audissent,</span> <span class='ocrx_word' id='word_1_173' title='bbox 815 2928 984 3005; x_wconf 88' lang='lat' dir='ltr'>paverunt</span> <span class='ocrx_word' id='word_1_174' title='bbox 1000 2923 1246 2987; x_wconf 88' lang='lat' dir='ltr'>ettimuerunt.</span> <span class='ocrx_word' id='word_1_175' title='bbox 1270 2921 1357 2987; x_wconf 79' lang='lat' dir='ltr'>Tum</span> <span class='ocrx_word' id='word_1_176' title='bbox 1369 2921 1464 2986; x_wconf 81' lang='lat' dir='ltr'>dixe·</span> 
     </span>
     <span class='ocr_line' id='line_1_22' title="bbox 264 3023 1465 3105; baseline -0.001 -16"><span class='ocrx_word' id='word_1_177' title='bbox 264 3032 361 3090; x_wconf 89' lang='lat' dir='ltr'>runt:</span> <span class='ocrx_word' id='word_1_178' title='bbox 394 3023 481 3091; x_wconf 83' lang='lat' dir='ltr'>Cum</span> <span class='ocrx_word' id='word_1_179' title='bbox 503 3045 658 3092; x_wconf 89' lang='lat' dir='ltr'>essemus</span> <span class='ocrx_word' id='word_1_180' title='bbox 680 3026 717 3090; x_wconf 92' lang='lat' dir='ltr'>in</span> <span class='ocrx_word' id='word_1_181' title='bbox 739 3031 833 3090; x_wconf 88' lang='lat' dir='ltr'>terra</span> <span class='ocrx_word' id='word_1_182' title='bbox 853 3023 1014 3105; x_wconf 84' lang='lat' dir='ltr'>Israelis,</span> <span class='ocrx_word' id='word_1_183' title='bbox 1036 3024 1199 3090; x_wconf 88' lang='lat' dir='ltr'>Herodes</span> <span class='ocrx_word' id='word_1_184' title='bbox 1220 3024 1338 3089; x_wconf 88' lang='lat' dir='ltr'>Iesum</span> <span class='ocrx_word' id='word_1_185' title='bbox 1358 3024 1465 3088; x_wconf 88' lang='lat' dir='ltr'>inter-</span> 
     </span>
     <span class='ocr_line' id='line_1_23' title="bbox 264 3126 1465 3213; baseline -0.001 -21"><span class='ocrx_word' id='word_1_186' title='bbox 264 3126 367 3193; x_wconf 88' lang='lat' dir='ltr'>ficere</span> <span class='ocrx_word' id='word_1_187' title='bbox 388 3128 576 3195; x_wconf 88' lang='lat' dir='ltr'>meditatus</span> <span class='ocrx_word' id='word_1_188' title='bbox 596 3134 660 3213; x_wconf 88' lang='lat' dir='ltr'>est,</span> <span class='ocrx_word' id='word_1_189' title='bbox 682 3135 718 3194; x_wconf 89' lang='lat' dir='ltr'>et</span> <span class='ocrx_word' id='word_1_190' title='bbox 732 3134 920 3213; x_wconf 86' lang='lat' dir='ltr'>propterea</span> <span class='ocrx_word' id='word_1_191' title='bbox 937 3149 1055 3193; x_wconf 90' lang='lat' dir='ltr'>omnes</span> <span class='ocrx_word' id='word_1_192' title='bbox 1072 3128 1226 3194; x_wconf 88' lang='lat' dir='ltr'>infantes</span> <span class='ocrx_word' id='word_1_193' title='bbox 1242 3126 1465 3193; x_wconf 86' lang='lat' dir='ltr'>Bethlehemi</span> 
     </span>
     <span class='ocr_line' id='line_1_24' title="bbox 266 3230 1465 3316; baseline -0.002 -19"><span class='ocrx_word' id='word_1_194' title='bbox 266 3237 303 3297; x_wconf 90' lang='lat' dir='ltr'>et</span> <span class='ocrx_word' id='word_1_195' title='bbox 327 3230 515 3298; x_wconf 88' lang='lat' dir='ltr'>confinium</span> <span class='ocrx_word' id='word_1_196' title='bbox 541 3234 617 3300; x_wconf 89' lang='lat' dir='ltr'>eius</span> <span class='ocrx_word' id='word_1_197' title='bbox 643 3231 789 3314; x_wconf 90' lang='lat' dir='ltr'>occidit;</span> <span class='ocrx_word' id='word_1_198' title='bbox 814 3253 928 3316; x_wconf 87' lang='lat' dir='ltr'>neque</span> <span class='ocrx_word' id='word_1_199' title='bbox 955 3231 1099 3297; x_wconf 91' lang='lat' dir='ltr'>dubium</span> <span class='ocrx_word' id='word_1_200' title='bbox 1124 3239 1179 3297; x_wconf 91' lang='lat' dir='ltr'>est</span> <span class='ocrx_word' id='word_1_201' title='bbox 1203 3233 1288 3316; x_wconf 90' lang='lat' dir='ltr'>quin</span> <span class='ocrx_word' id='word_1_202' title='bbox 1309 3230 1465 3314; x_wconf 81' lang='lat' dir='ltr'>Egyptii,</span> 
     </span>
     <span class='ocr_line' id='line_1_25' title="bbox 266 3335 1466 3420; baseline -0.001 -19"><span class='ocrx_word' id='word_1_203' title='bbox 266 3336 476 3420; x_wconf 86' lang='lat' dir='ltr'>simulatque</span> <span class='ocrx_word' id='word_1_204' title='bbox 493 3336 559 3402; x_wconf 92' lang='lat' dir='ltr'>hoc</span> <span class='ocrx_word' id='word_1_205' title='bbox 574 3336 706 3402; x_wconf 91' lang='lat' dir='ltr'>idolum</span> <span class='ocrx_word' id='word_1_206' title='bbox 723 3335 872 3401; x_wconf 77' lang='lat' dir='ltr'>fractum</span> <span class='ocrx_word' id='word_1_207' title='bbox 889 3357 965 3402; x_wconf 90' lang='lat' dir='ltr'>esse</span> <span class='ocrx_word' id='word_1_208' title='bbox 983 3336 1190 3418; x_wconf 84' lang='lat' dir='ltr'>audiverint,</span> <span class='ocrx_word' id='word_1_209' title='bbox 1214 3357 1276 3401; x_wconf 90' lang='lat' dir='ltr'>nos</span> <span class='ocrx_word' id='word_1_210' title='bbox 1296 3337 1375 3418; x_wconf 82' lang='lat' dir='ltr'>igne</span> <span class='ocrx_word' id='word_1_211' title='bbox 1393 3337 1466 3401; x_wconf 88' lang='lat' dir='ltr'>sint</span> 
     </span>
     <span class='ocr_line' id='line_1_26' title="bbox 268 3439 466 3512; baseline 0.005 -9"><span class='ocrx_word' id='word_1_212' title='bbox 268 3439 466 3512; x_wconf 85' lang='lat' dir='ltr'>crematuri.</span> 
     </span>
    </p>
   </div>
   <div class='ocr_carea' id='block_1_7' title="bbox 739 3607 991 3675">
    <p class='ocr_par' dir='ltr' id='par_1_7' title="bbox 739 3607 991 3675">
     <span class='ocr_line' id='line_1_27' title="bbox 739 3607 991 3675; baseline 0 -1"><span class='ocrx_word' id='word_1_213' title='bbox 739 3607 860 3675; x_wconf 71' lang='lat' dir='ltr'>Osann</span> <span class='ocrx_word' id='word_1_214' title='bbox 882 3607 991 3675; x_wconf 90' lang='lat' dir='ltr'><strong>XIII.</strong></span> 
     </span>
    </p>
   </div>
   <div class='ocr_carea' id='block_1_8' title="bbox 268 3781 1465 4178">
    <p class='ocr_par' dir='ltr' id='par_1_8' title="bbox 268 3781 1465 4178">
     <span class='ocr_line' id='line_1_28' title="bbox 353 3781 1462 3866; baseline 0.001 -19"><span class='ocrx_word' id='word_1_215' title='bbox 353 3782 459 3848; x_wconf 91' lang='lat' dir='ltr'>Illinc</span> <span class='ocrx_word' id='word_1_216' title='bbox 480 3782 612 3865; x_wconf 83' lang='lat' dir='ltr'>egressi</span> <span class='ocrx_word' id='word_1_217' title='bbox 633 3782 677 3848; x_wconf 92' lang='lat' dir='ltr'>ad</span> <span class='ocrx_word' id='word_1_218' title='bbox 698 3782 812 3847; x_wconf 91' lang='lat' dir='ltr'>locum</span> <span class='ocrx_word' id='word_1_219' title='bbox 836 3788 1070 3866; x_wconf 86' lang='lat' dir='ltr'>pervenerunt</span> <span class='ocrx_word' id='word_1_220' title='bbox 1092 3781 1153 3848; x_wconf 92' lang='lat' dir='ltr'>uhi</span> <span class='ocrx_word' id='word_1_221' title='bbox 1175 3787 1276 3847; x_wconf 91' lang='lat' dir='ltr'>erant</span> <span class='ocrx_word' id='word_1_222' title='bbox 1295 3782 1462 3864; x_wconf 88' lang='lat' dir='ltr'>latrones,</span> 
     </span>
     <span class='ocr_line' id='line_1_29' title="bbox 268 3886 1465 3972; baseline -0.001 -19"><span class='ocrx_word' id='word_1_223' title='bbox 268 3888 328 3972; x_wconf 92' lang='lat' dir='ltr'>qui</span> <span class='ocrx_word' id='word_1_224' title='bbox 356 3887 552 3971; x_wconf 86' lang='lat' dir='ltr'>complures</span> <span class='ocrx_word' id='word_1_225' title='bbox 577 3887 734 3953; x_wconf 91' lang='lat' dir='ltr'>homines</span> <span class='ocrx_word' id='word_1_226' title='bbox 760 3887 906 3953; x_wconf 89' lang='lat' dir='ltr'>sarcinis</span> <span class='ocrx_word' id='word_1_227' title='bbox 938 3893 974 3952; x_wconf 89' lang='lat' dir='ltr'>et</span> <span class='ocrx_word' id='word_1_228' title='bbox 997 3886 1152 3953; x_wconf 88' lang='lat' dir='ltr'>vestibus</span> <span class='ocrx_word' id='word_1_229' title='bbox 1184 3886 1465 3970; x_wconf 86' lang='lat' dir='ltr'>exspoliaverant</span> 
     </span>
     <span class='ocr_line' id='line_1_30' title="bbox 269 3989 1465 4077; baseline -0.003 -20"><span class='ocrx_word' id='word_1_230' title='bbox 269 4013 399 4077; x_wconf 90' lang='lat' dir='ltr'>eosque</span> <span class='ocrx_word' id='word_1_231' title='bbox 416 3992 608 4057; x_wconf 86' lang='lat' dir='ltr'>vinxerant.</span> <span class='ocrx_word' id='word_1_232' title='bbox 642 3989 730 4056; x_wconf 81' lang='lat' dir='ltr'>Tum</span> <span class='ocrx_word' id='word_1_233' title='bbox 746 3990 900 4056; x_wconf 89' lang='lat' dir='ltr'>latrones</span> <span class='ocrx_word' id='word_1_234' title='bbox 917 3991 1125 4056; x_wconf 87' lang='lat' dir='ltr'>audiverunt</span> <span class='ocrx_word' id='word_1_235' title='bbox 1141 3991 1325 4074; x_wconf 87' lang='lat' dir='ltr'>strepitum</span> <span class='ocrx_word' id='word_1_236' title='bbox 1344 3990 1465 4074; x_wconf 85' lang='lat' dir='ltr'>ingen·</span> 
     </span>
     <span class='ocr_line' id='line_1_31' title="bbox 268 4092 1464 4178; baseline -0.002 -18"><span class='ocrx_word' id='word_1_237' title='bbox 268 4102 354 4178; x_wconf 88' lang='lat' dir='ltr'>tem,</span> <span class='ocrx_word' id='word_1_238' title='bbox 377 4094 491 4178; x_wconf 92' lang='lat' dir='ltr'>qualis</span> <span class='ocrx_word' id='word_1_239' title='bbox 513 4114 589 4159; x_wconf 89' lang='lat' dir='ltr'>esse</span> <span class='ocrx_word' id='word_1_240' title='bbox 612 4092 704 4158; x_wconf 88' lang='lat' dir='ltr'>solet</span> <span class='ocrx_word' id='word_1_241' title='bbox 719 4094 886 4176; x_wconf 88' lang='lat' dir='ltr'>strepitus</span> <span class='ocrx_word' id='word_1_242' title='bbox 903 4095 995 4176; x_wconf 87' lang='lat' dir='ltr'>regis</span> <span class='ocrx_word' id='word_1_243' title='bbox 1012 4093 1186 4176; x_wconf 86' lang='lat' dir='ltr'>magnifici</span> <span class='ocrx_word' id='word_1_244' title='bbox 1208 4113 1285 4158; x_wconf 92' lang='lat' dir='ltr'>cum</span> <span class='ocrx_word' id='word_1_245' title='bbox 1308 4094 1464 4158; x_wconf 87' lang='lat' dir='ltr'>exercitu</span> 
     </span>
    </p>
   </div>
   <div class='ocr_carea' id='block_1_9' title="bbox 268 4337 1468 4818">
    <p class='ocr_par' dir='ltr' id='par_1_9' title="bbox 268 4337 1468 4818">
     <span class='ocr_line' id='line_1_32' title="bbox 337 4337 1466 4402; baseline 0.002 -16"><span class='ocrx_word' id='word_1_246' title='bbox 337 4337 382 4388; x_wconf 80' lang='lat' dir='ltr'>XI.</span> <span class='ocrx_word' id='word_1_247' title='bbox 401 4352 492 4401; x_wconf 73' lang='lat' dir='ltr'>sasque</span> <span class='ocrx_word' id='word_1_248' title='bbox 503 4352 579 4401; x_wconf 78' lang='lat' dir='ltr'>super</span> <span class='ocrx_word' id='word_1_249' title='bbox 592 4337 663 4402; x_wconf 74' lang='lat' dir='ltr'>lipsa</span> <span class='ocrx_word' id='word_1_250' title='bbox 674 4342 819 4388; x_wconf 73' lang='lat' dir='ltr'>straverat.-</span> <span class='ocrx_word' id='word_1_251' title='bbox 836 4339 876 4388; x_wconf 78' lang='lat' dir='ltr'>its</span> <span class='ocrx_word' id='word_1_252' title='bbox 888 4337 937 4395; x_wconf 62' lang='grc' dir='ltr'>Π,</span> <span class='ocrx_word' id='word_1_253' title='bbox 951 4337 1032 4387; x_wconf 79' lang='lat' dir='ltr'>etiarn</span> <span class='ocrx_word' id='word_1_254' title='bbox 1046 4338 1179 4387; x_wconf 78' lang='lat' dir='ltr'>arabicum</span> <span class='ocrx_word' id='word_1_255' title='bbox 1194 4338 1347 4389; x_wconf 79' lang='lat' dir='ltr'>emendans.</span> <span class='ocrx_word' id='word_1_256' title='bbox 1367 4337 1423 4387; x_wconf 83' lang='lat' dir='ltr'>sik.</span> <span class='ocrx_word' id='word_1_257' title='bbox 1437 4345 1466 4388; x_wconf 84' lang='lat' dir='ltr'>et</span> 
     </span>
     <span class='ocr_line' id='line_1_33' title="bbox 268 4421 1466 4487; baseline -0.001 -15"><span class='ocrx_word' id='word_1_258' title='bbox 268 4424 338 4472; x_wconf 80' lang='lat' dir='ltr'>Thil.</span> <span class='ocrx_word' id='word_1_259' title='bbox 351 4438 442 4486; x_wconf 77' lang='lat' dir='ltr'>sosque</span> <span class='ocrx_word' id='word_1_260' title='bbox 453 4423 481 4470; x_wconf 65' lang='grc' dir='ltr'>ἐκ</span> <span class='ocrx_word' id='word_1_261' title='bbox 493 4423 579 4487; x_wconf 62' lang='lat' dir='ltr'>tigillo</span> <span class='ocrx_word' id='word_1_262' title='bbox 592 4424 767 4486; x_wconf 75' lang='lat' dir='ltr'>ssspmderat.</span> <span class='ocrx_word' id='word_1_263' title='bbox 788 4423 857 4474; x_wconf 86' lang='lat' dir='ltr'>Item</span> <span class='ocrx_word' id='word_1_264' title='bbox 871 4424 941 4471; x_wconf 79' lang='lat' dir='ltr'>inire</span> <span class='ocrx_word' id='word_1_265' title='bbox 954 4421 993 4470; x_wconf 68' lang='grc' dir='ltr'>ΕΙ.</span> <span class='ocrx_word' id='word_1_266' title='bbox 1007 4422 1085 4486; x_wconf 71' lang='lat' dir='ltr'>liquis</span> <span class='ocrx_word' id='word_1_267' title='bbox 1095 4423 1228 4482; x_wconf 76' lang='lat' dir='ltr'>iniecerat,</span> <span class='ocrx_word' id='word_1_268' title='bbox 1242 4421 1298 4473; x_wconf 80' lang='lat' dir='ltr'>sik.</span> <span class='ocrx_word' id='word_1_269' title='bbox 1314 4431 1343 4474; x_wconf 90' lang='lat' dir='ltr'>et</span> <span class='ocrx_word' id='word_1_270' title='bbox 1354 4423 1425 4472; x_wconf 81' lang='lat' dir='ltr'>Thil.</span> <span class='ocrx_word' id='word_1_271' title='bbox 1439 4425 1466 4472; x_wconf 80' lang='lat' dir='ltr'>ia</span> 
     </span>
     <span class='ocr_line' id='line_1_34' title="bbox 268 4508 540 4573; baseline 0 -17"><span class='ocrx_word' id='word_1_272' title='bbox 268 4508 353 4573; x_wconf 73' lang='lat' dir='ltr'>tipillo</span> <span class='ocrx_word' id='word_1_273' title='bbox 365 4509 540 4570; x_wconf 70' lang='lat' dir='ltr'>suspenderat.</span> 
     </span>
     <span class='ocr_line' id='line_1_35' title="bbox 336 4593 1468 4661; baseline 0.004 -18"><span class='ocrx_word' id='word_1_274' title='bbox 336 4595 469 4645; x_wconf 76' lang='lat' dir='ltr'>doemones</span> <span class='ocrx_word' id='word_1_275' title='bbox 479 4611 517 4645; x_wconf 81' lang='lat' dir='ltr'>me</span> <span class='ocrx_word' id='word_1_276' title='bbox 528 4596 596 4645; x_wconf 76' lang='lat' dir='ltr'>dumi</span> <span class='ocrx_word' id='word_1_277' title='bbox 604 4595 821 4661; x_wconf 67' lang='lat' dir='ltr'>prostravissent:</span> <span class='ocrx_word' id='word_1_278' title='bbox 833 4594 873 4644; x_wconf 80' lang='lat' dir='ltr'>ita</span> <span class='ocrx_word' id='word_1_279' title='bbox 883 4594 937 4655; x_wconf 80' lang='lat' dir='ltr'>v1.;</span> <span class='ocrx_word' id='word_1_280' title='bbox 951 4593 1007 4644; x_wconf 85' lang='lat' dir='ltr'>Sik.</span> <span class='ocrx_word' id='word_1_281' title='bbox 1021 4599 1049 4643; x_wconf 85' lang='lat' dir='ltr'>et</span> <span class='ocrx_word' id='word_1_282' title='bbox 1059 4594 1130 4644; x_wconf 78' lang='lat' dir='ltr'>Thil.</span> <span class='ocrx_word' id='word_1_283' title='bbox 1142 4596 1273 4659; x_wconf 74' lang='lat' dir='ltr'>apitomt</span> <span class='ocrx_word' id='word_1_284' title='bbox 1283 4613 1321 4646; x_wconf 82' lang='lat' dir='ltr'>me</span> <span class='ocrx_word' id='word_1_285' title='bbox 1333 4599 1468 4647; x_wconf 78' lang='lat' dir='ltr'>dcecwaes</span> 
     </span>
     <span class='ocr_line' id='line_1_36' title="bbox 336 4679 1467 4749; baseline 0.002 -17"><span class='ocrx_word' id='word_1_286' title='bbox 336 4683 362 4732; x_wconf 81' lang='lat' dir='ltr'>oi</span> <span class='ocrx_word' id='word_1_287' title='bbox 378 4683 582 4749; x_wconf 73' lang='lat' dir='ltr'>mapsiflmtics</span> <span class='ocrx_word' id='word_1_288' title='bbox 597 4683 652 4732; x_wconf 77' lang='lat' dir='ltr'>sius</span> <span class='ocrx_word' id='word_1_289' title='bbox 665 4682 812 4747; x_wconf 73' lang='lat' dir='ltr'>perimat.-</span> <span class='ocrx_word' id='word_1_290' title='bbox 828 4680 868 4731; x_wconf 85' lang='lat' dir='ltr'>its</span> <span class='ocrx_word' id='word_1_291' title='bbox 880 4680 935 4742; x_wconf 79' lang='lat' dir='ltr'>v1.;</span> <span class='ocrx_word' id='word_1_292' title='bbox 954 4679 1009 4730; x_wconf 76' lang='lat' dir='ltr'>sur.</span> <span class='ocrx_word' id='word_1_293' title='bbox 1027 4688 1056 4731; x_wconf 82' lang='lat' dir='ltr'>st</span> <span class='ocrx_word' id='word_1_294' title='bbox 1068 4681 1138 4730; x_wconf 73' lang='lat' dir='ltr'>l&#39;hil.</span> <span class='ocrx_word' id='word_1_295' title='bbox 1157 4698 1174 4730; x_wconf 84' lang='lat' dir='ltr'>a</span> <span class='ocrx_word' id='word_1_296' title='bbox 1190 4683 1216 4731; x_wconf 82' lang='lat' dir='ltr'>vi</span> <span class='ocrx_word' id='word_1_297' title='bbox 1226 4685 1322 4735; x_wconf 74' lang='lat' dir='ltr'>maim</span> <span class='ocrx_word' id='word_1_298' title='bbox 1334 4685 1467 4734; x_wconf 76' lang='lat' dir='ltr'>destructo</span> 
     </span>
     <span class='ocr_line' id='line_1_37' title="bbox 268 4772 776 4818; baseline 0.002 -1"><span class='ocrx_word' id='word_1_299' title='bbox 268 4772 327 4818; x_wconf 75' lang='lat' dir='ltr'>sust</span> <span class='ocrx_word' id='word_1_300' title='bbox 771 4775 776 4786; x_wconf 84' lang='lat'><strong>‘</strong></span> 
     </span>
    </p>
   </div>
   <div class='ocr_carea' id='block_1_10' title="bbox 0 0 1734 5640">
    <p class='ocr_par' dir='ltr' id='par_1_10' title="bbox 0 0 1734 5640">
     <span class='ocr_line' id='line_1_38' title="bbox 0 0 1734 5640; baseline 0 0"><span class='ocrx_word' id='word_1_301' title='bbox 0 0 1734 5640; x_wconf 95' lang='lat' dir='ltr'> </span> 
     </span>
    </p>
   </div>
  </div>
 </body>
</html>
