3458 5640
682 599 793 650 onera
812 599 940 649 mnam.
969 599 1039 649 xv1.
1398 595 1460 661 387

261 750 414 836 cognovit
436 750 486 816 vir
509 749 714 834 sepulturam
736 749 807 815 eius
829 768 936 832 usque
959 747 993 813 in
1015 754 1224 831 praesentem
1248 747 1344 813 diem.
1383 747 1466 814 Levi

261 854 352 921 rabbi
386 852 486 919 dixit:
525 852 614 939 Quid
647 858 697 918 cst
729 851 817 937 quod
851 851 945 918 rabbi
977 849 1111 918 Simeon
1144 850 1244 917 dixit:
1281 852 1370 920 Ecce
1403 854 1465 920 iste

261 961 346 1025 iacet
372 958 406 1023 in
433 957 563 1023 ruinam
592 962 626 1022 et
652 956 927 1023 resurrectionem
955 954 1132 1022 multorum
1159 957 1194 1021 in
1222 955 1342 1039 Israel,
1373 964 1406 1024 et
1432 959 1467 1024 in

262 1064 390 1147 signum
425 1063 477 1128 cui
513 1060 782 1128 contradicetur?
826 1060 923 1126 Isaac
958 1059 1050 1126 rabbi
1080 1059 1180 1126 dixit:
1216 1060 1385 1146 Scriptum
1417 1067 1468 1129 est

261 1166 295 1230 in
317 1163 404 1248 lege:
432 1164 521 1231 Ecce
546 1184 605 1248 ego
628 1163 724 1229 mitto
748 1160 901 1247 angelum
923 1184 1045 1245 meum,
1073 1162 1129 1246 qui
1153 1163 1327 1229 antecedat
1348 1163 1466 1231 faciem

261 1277 353 1336 tuam
383 1269 548 1336 custodire
578 1274 620 1342 te,
639 1267 673 1331 in
699 1269 788 1333 omni
811 1268 865 1333 via
891 1267 990 1334 bona:
1019 1271 1097 1352 quia
1124 1287 1242 1333 nomen
1271 1268 1342 1334 eius
1370 1267 1468 1334 attuli

261 1395 393 1439 novum.

349 1483 473 1548 ⁴'Punc
501 1482 618 1547 Annas
650 1487 684 1548 et
712 1481 856 1565 Caiphae
888 1481 1059 1547 dixerunt:
1097 1481 1202 1548 Recte
1231 1481 1361 1548 dixistis
1390 1484 1469 1567 quia

261 1590 344 1655 haec
376 1588 501 1672 scripta
531 1593 609 1653 sunt
636 1588 671 1653 in
698 1587 771 1673 loge
798 1586 922 1671 Moysi,
955 1587 1034 1672 quia
1061 1592 1201 1653 mortem
1227 1586 1345 1654 Enoch
1372 1610 1467 1655 nemo

262 1693 347 1760 vidit
386 1700 420 1759 et
457 1693 563 1759 sancti
600 1691 711 1778 Moysi
752 1690 954 1776 sepulturam
993 1713 1088 1758 nemo
1126 1691 1316 1758 nominarit.
1371 1691 1468 1759 Iesus

264 1806 376 1866 autem
399 1798 534 1863 verbum
558 1797 650 1864 dedit
671 1798 790 1879 Pilato,
814 1805 848 1864 et
869 1798 1010 1863 vidimus
1034 1818 1108 1863 eum
1131 1796 1292 1880 flagellari
1316 1804 1350 1863 et
1372 1806 1471 1882 sputa

265 1902 416 1984 occipere
445 1901 478 1964 in
506 1900 624 1965 faciem
653 1921 759 1982 suam,
789 1905 822 1966 et
849 1922 1002 1966 coronam
1031 1900 1070 1966 de
1099 1901 1202 1983 spinis
1230 1908 1413 1984 posuerunt
1440 1903 1469 1968 ei

265 2004 397 2084 milites,
421 2008 454 2067 et
478 2001 676 2068 sententiam
699 2004 827 2085 accepit
849 2025 869 2067 a
889 2002 1014 2082 Pilat03
1038 2009 1072 2067 et
1093 2001 1189 2068 modo
1212 2003 1387 2068 crucifixus
1412 2011 1471 2084 est,

266 2112 300 2173 et
324 2128 399 2172 eum
421 2107 497 2174 selle
521 2112 554 2172 et
576 2112 669 2190 aceto
692 2112 902 2190 potaverunt,
930 2113 963 2172 et
986 2107 1049 2171 duo
1072 2107 1216 2173 latrones
1240 2128 1313 2173 cum
1338 2129 1375 2173 eo
1399 2128 1471 2174 cru·

266 2210 355 2276 cifixi
386 2217 477 2291 sunt,
506 2216 540 2276 et
561 2211 674 2276 lancea
695 2210 783 2276 latus
806 2211 876 2275 eius
899 2210 1081 2294 perforavit
1101 2210 1275 2296 Longinus
1302 2210 1410 2293 milae,
1440 2219 1473 2278 et

267 2336 387 2399 corpus
419 2315 489 2380 eius
518 2314 698 2398 postulavit
728 2315 893 2398 pretiosus
925 2320 1019 2397 pater
1051 2322 1165 2382 noster
1193 2315 1329 2399 Ioseph,
1362 2323 1395 2381 et
1422 2337 1471 2381 re-

267 2417 429 2498 surrexit,
467 2423 500 2482 et
537 2417 622 2483 sicut
653 2417 768 2483 dicunt
798 2417 957 2484 didascali
994 2425 1062 2484 tres
1094 2418 1247 2484 viderunt
1283 2419 1390 2501 ipsum
1422 2439 1473 2485 as·

267 2524 434 2603 sumptum
457 2519 491 2584 in
515 2518 650 2586 coelum.
695 2521 743 2587 Et
764 2519 845 2587 Levi
870 2520 962 2587 rabbi
986 2526 1037 2587 est
1059 2521 1258 2588 testificatus
1281 2542 1366 2606 quae
1384 2521 1474 2588 dicta

267 2630 346 2690 sunt
368 2645 389 2688 a
411 2622 565 2690 Simeonc
593 2624 720 2691 seniore
744 2625 899 2709 quoniam
927 2625 1056 2709 positus
1085 2631 1136 2691 est
1163 2625 1197 2691 in
1225 2627 1354 2691 ruinam
1382 2625 1473 2692 etin

272 2889 411 2949 invenitur,
430 2889 495 2940 item
515 2887 577 2939 ed¹¹r
588 2905 666 2955 neque
685 2888 779 2955 legitur
796 2904 864 2940 suere
882 2883 977 2941 Heliae
990 2891 1142 2957 prophetae.
1160 2886 1165 2954 Ι
1179 2889 1265 2941 Levi·
1281 2887 1350 2953 Quid
1360 2893 1399 2942 ert
1410 2890 1477 2957 qaod

269 2978 322 3043 (ita
340 2993 356 3032 o
374 2979 472 3029 omisso
491 2978 570 3045 qaod,-
589 2994 606 3031 Α
624 2975 670 3039 Er,
689 2991 706 3031 n
724 2977 802 3045 qaod)
821 2978 893 3030 roll.
914 2978 944 3041 (a
962 2980 1015 3044 om)
1035 2979 1099 3031 Sim.
1120 2978 1150 3046 (n
1168 2979 1221 3032 add
1240 2977 1355 3044 sanctas)
1374 2980 1429 3031 dia.
1446 2978 1477 3045 (u

270 3067 323 3116 ista
341 3065 440 3130 intulit)
458 3066 528 3115 Eece
545 3095 555 3106 ·
574 3065 765 3116 eoretradieetar
788 3081 847 3116 eum
865 3077 918 3119 inc
942 3101 975 3116 ..
999 3066 1097 3132 reliqui
1121 3082 1163 3117 om
1190 3064 1195 3130 1
1222 3066 1300 3117 Isaac
1318 3096 1327 3108 ·
1345 3063 1413 3117 Eece
1431 3083 1476 3131 epo

271 3151 317 3216 (nc
336 3150 391 3214 om)
410 3181 420 3192 -
439 3156 482 3218 qur·
498 3153 634 3202 antecedat
652 3152 711 3216 (pro
731 3153 773 3202 his
796 3166 831 3205 uc
856 3151 926 3217 ante)
944 3154 1006 3219 sae.
1027 3157 1064 3204 ta.
1084 3154 1213 3204 mtodire
1235 3158 1260 3204 te
1284 3152 1313 3215 (n
1331 3153 1385 3216 om)
1404 3153 1431 3203 in
1449 3170 1473 3205 o.

271 3258 294 3289 o.
314 3240 336 3290 l.
357 3239 386 3303 (Β
404 3241 448 3305 qai
465 3241 594 3291 custodial
611 3256 695 3289 carnes
712 3242 768 3289 viar
785 3241 877 3298 bonan
899 3254 914 3293 c
933 3244 977 3306 qai
989 3242 1163 3305 praeparabit
1179 3242 1247 3291 eiam
1265 3243 1334 3291 taam
1353 3247 1412 3291 ante
1430 3241 1475 3304 te),

272 3328 333 3392 qaia
351 3325 379 3389 (n
391 3326 428 3389 at)
446 3343 510 3376 nens.
525 3328 578 3377 eius
596 3327 674 3376 attuli
693 3324 720 3388 (n
739 3327 840 3390 attulit)
858 3343 947 3377 novum
966 3325 994 3390 (c
1012 3343 1055 3378 om
1074 3329 1135 3393 qaia
1151 3344 1207 3393 aeq.
1226 3332 1325 3390 aooum)
1346 3344 1404 3378 cum
1425 3339 1476 3381 unc

273 3447 304 3461 ..
323 3412 420 3475 reliqui
439 3427 480 3461 om

358 3508 383 3554 4.
409 3505 477 3554 ibae
489 3508 580 3555 Aonas
597 3505 644 3570 (ΑΒ
657 3505 745 3568 Anao)
764 3510 790 3555 et
807 3536 816 3546 ·
835 3505 922 3572 Moysi
939 3504 967 3571 (e
979 3504 1033 3568 om)
1053 3506 1114 3571 qaia
1130 3509 1235 3556 mortem
1251 3503 1341 3557 Enocl
1359 3505 1389 3568 (n
1400 3510 1475 3556 mort.

272 3589 363 3653 Elias,
381 3605 415 3644 nc
433 3588 522 3642 Enoch
541 3594 638 3642 omisso
657 3593 744 3655 mort.)
762 3624 771 3634 ·
790 3594 876 3658 Moysi
894 3592 945 3656 (its
963 3608 992 3650 n;
1011 3605 1045 3646 nc
1062 3591 1152 3657 Elias)
1170 3593 1329 3657 sepulturam
1347 3593 1394 3656 (cc
1412 3610 1477 3644 mor·

272 3677 332 3740 tem)
351 3693 421 3727 nemo
438 3679 579 3751 sominavit
597 3678 754 3742 (rapuerit)
773 3695 831 3728 cum
845 3692 897 3731 Aac
916 3713 943 3729 ..
961 3679 1059 3743 reliqui
1078 3696 1120 3728 our
1136 3682 1141 3740 1
1157 3680 1231 3730 Ietas
1242 3683 1325 3730 aotam
1344 3696 1403 3730 cum
1416 3669 1477 3731 1)·ιό

273 3763 335 3815 edpr
354 3797 383 3812 ..
403 3776 437 3815 Ac
457 3764 523 3813 Nam
541 3765 613 3814 Iesos
631 3799 658 3815 ..
677 3766 780 3816 oleras
794 3764 799 3828 Ι
814 3765 882 3814 eorl.
896 3765 968 3816 dedit
985 3766 1083 3825 Pilato,
1102 3771 1127 3816 et
1145 3765 1174 3828 (Δ
1193 3766 1245 3816 add
1265 3769 1335 3832 qaia.
1372 3768 1431 3818 Hoc
1450 3771 1478 3819 ct

272 3864 347 3913 seqq.
359 3850 420 3913 quta
432 3851 542 3914 propius
555 3850 589 3899 ad
603 3866 698 3915 graeca
712 3856 804 3900 nostra
817 3850 963 3913 accedunt)
976 3852 1084 3902 vidimus
1100 3868 1154 3901 eam
1164 3853 1233 3918 jlap.
1244 3857 1270 3902 et
1281 3857 1358 3917 spata
1372 3851 1401 3915 (Δ
1413 3852 1477 3915 aas)

272 3933 354 3995 accip.
368 3933 394 3981 ia
403 3934 463 3998 sae.
476 3950 547 3983 ruam
566 3933 595 3995 (a
613 3935 640 3983 in
650 3936 711 4000 sac.
725 3936 780 3984 eius
797 3936 914 3996 iactare),
933 3939 958 3985 et
976 3965 986 3976 ·
1003 3936 1028 3984 ei
1045 3935 1140 3986 militer
1157 3936 1186 3999 (B
1201 3936 1254 3986 add
1272 3936 1408 4001 incapite)
1426 3967 1436 3979 -
1454 3941 1479 3987 et

272 4020 346 4068 ruodo
366 4019 396 4082 (n
409 4020 480 4084 quia)
499 4050 509 4061 -
527 4025 625 4069 eleum
644 4022 673 4083 (n
686 4021 739 4084 our)
750 4022 820 4086 selle
838 4026 863 4072 et
881 4038 921 4070 ac.
931 4026 1088 4083 potaverant
1107 4023 1135 4086 (Β
1149 4027 1257 4085 potatae
1274 4023 1323 4086 erl)
1341 4029 1367 4074 ct
1384 4024 1413 4085 (n
1425 4024 1478 4075 add

275 4103 346 4167 qaia)
359 4105 410 4152 duo
427 4133 437 4143 ·
455 4105 527 4154 miles
540 4104 568 4166 (c
581 4106 718 4169 hucusque
731 4108 785 4156 sie:
803 4121 862 4154 nam
875 4109 947 4155 lesus
958 4107 1092 4170 manifeste
1102 4106 1258 4170 flagellatur
1275 4112 1313 4157 ert
1330 4112 1356 4157 et
1366 4109 1393 4158 in
1405 4125 1479 4159 mee

271 4192 372 4254 peritus
390 4207 444 4239 ram
461 4191 612 4242 daedaleis
631 4192 782 4251 latronibus,
801 4193 873 4241 cuias
889 4193 966 4242 eliam
984 4192 1054 4243 latur
1068 4194 1202 4258 perforas.
1215 4194 1297 4258 Lena.
1313 4193 1389 4257 πέλ),
1407 4200 1433 4245 et
1450 4195 1479 4258 (Δ

275 4275 327 4324 add
347 4275 420 4341 quia)
445 4294 536 4341 corpas
559 4276 586 4339 (c
605 4295 676 4343 carp.
696 4280 772 4329 eliam
795 4278 859 4341 siae)
878 4303 888 4314 ·
903 4279 1034 4343 protiosae
1052 4278 1156 4353 (onom
1184 4280 1343 4343 adomim)
1369 4298 1415 4346 pa.
1435 4297 1477 4332 no.

276 4360 328 4410 Iar.
349 4361 377 4426 (n
396 4366 447 4413 lor.
464 4381 512 4429 pa.
532 4381 574 4414 ao.
594 4367 619 4415 et
642 4366 670 4414 ia
691 4368 872 4415 monumentum
890 4364 1001 4429 posuit),
1028 4368 1053 4416 ct
1071 4366 1100 4429 (c
1119 4367 1199 4432 quod5
1223 4365 1480 4432 saecuritate)

276 4462 372 4498 resurr.
387 4450 414 4511 (c
426 4449 479 4499 add
492 4466 509 4499 a
520 4451 648 4514 mortula),
666 4454 691 4500 at
708 4451 737 4514 (Α
749 4451 819 4514 uam)
837 4451 903 4500 sicat
920 4450 1008 4500 dicuat
1027 4449 1055 4514 (B
1074 4467 1117 4502 orn
1135 4453 1181 4503 sio.
1196 4453 1257 4512 aia,
1275 4465 1293 4505 Α
1311 4468 1353 4503 om
1373 4456 1478 4522 tanturn

276 4535 337 4599 dio.)
355 4537 409 4586 did.
431 4541 465 4588 tr.
486 4537 514 4601 (a
532 4538 586 4588 add
604 4538 657 4603 qur)
680 4539 761 4589 vider.
781 4539 861 4602 ipram
886 4536 931 4599 (ΑΒ
949 4540 1015 4602 eam)
1040 4555 1091 4590 au.
1113 4539 1140 4603 (a
1160 4539 1343 4602 Macednum)
1369 4541 1396 4591 ia
1415 4541 1478 4592 cael.

278 4637 336 4672 cum
354 4637 405 4677 unc
425 4661 431 4675 .
454 4661 460 4675 .
480 4614 542 4676 ΒΜ
562 4626 622 4677 od¹¹r
641 4627 810 4677 traditorem
828 4626 900 4690 (cdll
918 4626 972 4677 add
990 4625 1019 4689 a)
1037 4627 1142 4688 Pilato,
1156 4627 1325 4694 menam,
1344 4633 1481 4695 computas

277 4697 323 4774 (nb
341 4713 478 4776 apamen),
500 4714 581 4779 spinis
599 4716 743 4772 coronatas,
762 4713 907 4780 muniflua,
926 4712 1017 4764 larem
1031 4729 1169 4779 percursas
1187 4700 1260 4778 (12⁸be
1279 4713 1348 4765 lano.
1363 4730 1436 4779 pero.
1456 4717 1483 4765 et

1206 4814 1262 4868 25·
