3458 5640
705 600 978 652 Puotsuourcua

351 752 430 834 oloep
459 756 533 833 τῶμ
560 749 757 835 ωαιςὸμτωμ
789 749 861 834 μετ’
889 745 995 813 αὐτοῦ
1025 754 1152 834 ωεσὼμ
1181 751 1255 815 dmi
1282 748 1344 816 τοῦ
1372 754 1439 818 δώ-

352 884 463 945 ματοσ
485 862 579 926 κάτα)
603 861 775 944 ἁωὲθαμε·
822 865 872 924 καὶ
894 860 1009 945 ῑδόμτα
1031 861 1077 924 τὰ
1100 861 1193 926 ἄλλα
1215 865 1335 928 murila
1357 871 1439 950 ἔφυ-

351 997 427 1059 γομ,
452 978 502 1037 καὶ
526 957 673 1038 screatu
698 971 811 1037 ὂἸΗσ.
830 974 944 1059 μόμοσ.
987 973 1053 1042 Sed
1075 974 1126 1039 his
1149 975 1258 1058 paullo
1281 977 1441 1064 propiora

351 1085 464 1151 latinis
485 1085 586 1150 habet
607 1091 718 1151 textus
741 1107 788 1168 gr.
810 1085 844 1150 A
864 1084 971 1167 VIII,
994 1089 1020 1151 1.
1065 1086 1168 1179 Μετᾲ
1193 1084 1362 1152 δὲταῦτα
1385 1085 1441 1174 μιᾷ

284 1237 286 1240 -
351 1203 424 1281 τῶμ
457 1196 589 1282 ἧμερῶμ
622 1188 661 1282 ip
695 1192 874 1261 ὂἸΗσοῦσ
903 1201 1040 1282 ωαίςωμ
1073 1197 1132 1282 σύμ
1166 1198 1290 1262 ἅλλοισ
1320 1204 1439 1284 muncip

352 1307 479 1392 ἑωάμα)
504 1311 664 1394 διστέγου
687 1313 775 1371 oi'xou
801 1314 861 1373 etc.

330 1419 444 1500 Atque
467 1419 551 1486 haec
573 1425 651 1509 sunt
674 1420 795 1501 omnia,
822 1419 903 1483 meis
926 1418 1129 1501 aliorumque
1152 1421 1240 1484 curis
1262 1441 1302 1485 ex
1324 1420 1440 1485 biblio-

178 1550 180 1555 ·
246 1520 350 1594 thecis
372 1534 558 1612 protracta,
587 1550 672 1611 quae
696 1528 735 1594 de
758 1529 931 1594 veterrimo
954 1529 1100 1594 Thomae
1123 1529 1290 1612 evangelio
1314 1529 1355 1594 ad
1379 1550 1440 1594 nos

243 1646 472 1723 pervenerunt
518 1638 613 1725 Quae
636 1639 698 1704 etsi
721 1660 786 1705 non
808 1639 924 1705 haberi
946 1647 1086 1723 possunt
1107 1642 1173 1704 nisi
1195 1662 1254 1723 pro
1277 1640 1440 1724 fragmen·

244 1751 301 1834 tis,
329 1772 470 1835 quorum
499 1757 625 1817 textum
653 1751 910 1818 describentium
930 1752 1114 1818 arbitrium
1141 1752 1183 1818 ab
1211 1752 1441 1835 antiquissima

244 1863 350 1932 forma
371 1885 431 1949 per
453 1870 505 1930 tot
527 1864 733 1931 saeculorum
757 1865 874 1932 seriem
896 1864 986 1932 haud
1009 1865 1108 1931 dubie
1132 1863 1281 1950 deduxit,
1308 1869 1341 1931 et
1363 1886 1441 1948 quo·

244 2000 317 2044 rum
341 1979 570 2062 supplementa
591 1979 626 2043 in
648 1978 784 2062 reliquis
805 1978 918 2044 latinis
941 1985 976 2045 et
997 1979 1139 2045 arabicis
1160 1979 1322 2044 infantiae
1345 2000 1441 2043 eran·

244 2089 339 2174 gehis
361 2090 481 2172 latent,
511 2097 620 2156 tamen
642 2111 701 2173 per
724 2112 759 2156 se
782 2096 859 2155 sunt
882 2090 1041 2156 eiusmodi
1063 2092 1149 2156 unde
1173 2092 1331 2156 coniicias
1355 2111 1440 2173 quae

245 2202 337 2285 origo
361 2207 394 2268 et
417 2223 503 2287 quae
526 2203 611 2268 ratio
634 2202 846 2267 famosissimi
868 2202 956 2266 illius
978 2202 1055 2266 libri
1079 2203 1181 2268 fuisse
1204 2203 1362 2267 videatur.
1407 2204 1441 2265 A

243 2312 406 2382 Gnostico
430 2313 563 2395 quidem
584 2314 717 2378 omnino
746 2314 952 2396 conscriptus
984 2333 1056 2378 esse
1083 2312 1221 2377 videtur.
1265 2311 1343 2376 Hoc
1373 2312 1440 2394 pri-

243 2444 333 2488 mum
361 2422 436 2487 inde
463 2422 636 2505 probabile
663 2422 702 2486 fit
729 2423 817 2504 quod
845 2422 1016 2498 donatismi
1044 2444 1191 2488 caussam
1217 2423 1367 2505 inprimis
1390 2443 1442 2486 su·

244 2535 353 2599 stinet.
406 2532 579 2598 Miraculis
611 2533 697 2596 enim
730 2554 750 2598 a
780 2534 888 2616 prima
918 2533 993 2598 inde
1023 2533 1168 2616 pueritia
1198 2531 1296 2598 editis
1326 2530 1439 2596 Iesum

243 2645 388 2711 divinam
419 2665 511 2709 suam
542 2646 748 2709 maiestatem
780 2644 1009 2727 comprobasse
1037 2645 1147 2725 docet,
1178 2646 1213 2708 in
1240 2665 1314 2708 eum
1336 2649 1375 2708 ut
1396 2644 1441 2706 vi·

245 2755 341 2820 detur
368 2754 467 2820 finem
495 2763 532 2819 ut
559 2754 611 2820 dei
638 2754 742 2819 filium
768 2752 930 2820 humanae
952 2762 1091 2820 naturae
1113 2776 1249 2837 prorsus
1272 2760 1440 2837 expertem
1543 2842 1548 2854 .

244 2865 345 2931 luisse
367 2887 428 2931 nec
450 2865 515 2929 nisi
538 2866 682 2948 speciem
704 2865 844 2948 gessisse
866 2866 1009 2930 hominis
1032 2872 1200 2948 appareat.
1238 2863 1335 2948 Quod
1350 2870 1440 2928 recte

244 2998 265 3043 a
287 2975 382 3042 nobis
405 2975 469 3041 dici
493 2974 664 3041 confirmat
686 2983 803 3042 auctor
826 2976 968 3060 catalogi
990 2965 1151 3040 librorum
1167 2976 1440 3041 Manichaeorum

243 3087 410 3156 Timothei
433 3086 793 3171 Constantinopolitani
815 3090 948 3154 nomine
971 3088 1050 3153 editi
1074 3088 1109 3152 in
1131 3109 1196 3170 quo
1219 3093 1270 3152 est
1296 3087 1318 3150 ni
1342 3091 1439 3172 συμέ-

244 3224 351 3285 'serap
380 3203 411 3265 oi
438 3199 533 3265 αὐτοὶ
558 3200 728 3286 θέλομτεσ
750 3200 879 3287 δὸκΗσιμ
903 3194 1081 3286 ἆωοῴἣμαι
1104 3199 1166 3284 reip
1191 3200 1357 3285 σάρκωσιμ
1381 3200 1440 3262 αὐ-

245 3308 309 3377 τοῦ
331 3316 381 3376 καὶ
405 3311 462 3378 οὐκ
486 3317 521 3398 ἑμ
546 3311 697 3395 macera.
742 3313 789 3380 Et
808 3314 872 3378 hoe
894 3334 971 3379 vero
993 3314 1027 3377 in
1051 3333 1170 3378 caussa
1192 3312 1292 3377 fuisse
1312 3311 1442 3377 videtur

245 3446 304 3489 cur
317 3423 508 3490 Manichaei
524 3422 850 3507 evangelio'l'homae
866 3429 1037 3506 tantopere
1053 3423 1312 3488 delectarentur:
1327 3424 1441 3487 fictum

246 3535 334 3600 enim
363 3556 418 3600 eos
446 3534 568 3602 Christi
600 3556 719 3618 corpus
746 3535 789 3600 ad
814 3534 1018 3600 Docetarum
1051 3533 1234 3616 exemplum
1262 3534 1441 3598 somniasse

246 3646 329 3715 satis
351 3650 489 3711 constat.
521 3645 597 3732 Qua
618 3648 652 3711 in
674 3667 710 3711 re
729 3646 856 3712 duabus
878 3646 1083 3729 potissimum
1099 3645 1137 3710 de
1156 3665 1300 3728 persona
1315 3643 1441 3711 Christi

243 3758 456 3842 opinionibus
480 3759 609 3825 saeculo
633 3759 776 3825 secundo
800 3759 880 3825 satis
902 3758 1044 3842 vulgatis
1067 3758 1270 3842 evangelium
1293 3757 1440 3823 Thomae

246 3872 498 3939 adversabatur:
527 3893 628 3956 quum
651 3875 692 3939 iis
715 3873 772 3955 qui
795 3871 963 3939 Christum
985 3892 1111 3937 merum
1133 3871 1297 3937 hominem
1320 3871 1441 3936 habue-

246 3990 338 4067 runt,
370 3992 440 4050 tum
471 3986 512 4050 iis
540 3986 597 4068 qui
625 3984 738 4052 Iesum
769 3983 944 4051 aChristo
973 3983 1211 4067 distinguentes
1242 3989 1331 4049 certe
1362 3988 1440 4048 ante

245 4096 446 4179 baptismum
469 4118 543 4161 eum
565 4117 631 4161 nou
653 4097 755 4161 fuisse
778 4097 842 4160 nisi
863 4096 1028 4160 hominem
1045 4096 1283 4159 existimarunt.
1313 4093 1440 4159 Huius-

246 4205 334 4272 modi
356 4226 432 4271 vero
456 4206 624 4271 miraculis
646 4229 666 4271 a
687 4227 789 4289 puero
812 4206 953 4287 patratis
977 4204 1154 4273 Gnosticos
1176 4204 1210 4267 id
1231 4206 1339 4285 ipsum
1366 4225 1440 4286 pro·

246 4316 327 4381 bare
358 4315 515 4398 voluisse,
547 4316 673 4381 Christi
705 4322 857 4381 naturam
887 4335 952 4378 non
983 4314 1083 4378 fuisse
1114 4315 1177 4377 nisi
1209 4313 1369 4395 diuinam,
1399 4315 1441 4376 iis

246 4425 421 4492 edocemur
449 4447 533 4509 quae
559 4425 724 4493 Catholici
755 4432 872 4491 contra
900 4425 1119 4507 disputarunt.
1162 4422 1218 4489 Ita
1247 4425 1345 4507 plane
1377 4424 1441 4488 huc

247 4535 389 4620 quadrat
412 4538 498 4620 quod
516 4537 717 4603 Anastasius
735 4536 866 4604 Sinaita
887 4536 1082 4601 Melitouem
1105 4533 1302 4601 Sardensem
1325 4540 1441 4600 contra

245 4646 457 4715 Marcionem
483 4629 653 4733 scripsisse
685 4650 801 4734 refert,
833 4655 867 4715 et
893 4649 1100 4715 divinitatem
1123 4631 1243 4713 Iesum¹
1262 4668 1355 4714 suam
1383 4668 1443 4730 per
