3458 5640
263 601 348 671 ψη
725 598 995 654 rsonnoounus.

348 755 498 824 Fuerunt
519 753 619 819 etiam
635 753 692 835 qui
712 750 752 817 de
774 751 889 836 lingua
911 751 1125 818 dissentirent
1141 772 1208 836 qua
1230 757 1345 819 auctor
1367 758 1459 818 acto·

264 891 337 936 rum
363 865 466 938 Pilati
493 886 570 931 usus
598 868 693 931 esset.
736 863 825 929 Aliis
854 864 942 929 enim
973 863 1176 945 hebraicum,
1207 864 1282 930 aliis
1309 864 1458 945 latinum,

264 981 340 1046 aliis
370 999 523 1062 graecum
553 977 769 1060 archetypum
795 975 930 1058 placuit.
974 975 1089 1059 Atque
1116 975 1157 1041 iis
1184 976 1317 1059 quidem
1339 977 1459 1059 quibus

264 1091 417 1170 hebraice
444 1089 603 1173 scriptum
625 1087 812 1169 videbatur,
844 1087 955 1153 nescio
979 1108 1022 1152 an
1044 1087 1153 1153 fucum
1176 1087 1292 1154 fecerit
1318 1089 1458 1154 assertio

128 1277 134 1299 ἢ
264 1203 403 1289 prologi.
447 1201 500 1267 Ea
520 1183 688 1267 vero'non
710 1199 785 1283 plus
807 1199 957 1265 veritatis
981 1198 1081 1266 habet
1104 1221 1202 1284 quarn
1218 1202 1306 1284 quod
1329 1205 1380 1265 tot
1403 1200 1460 1266 alii

264 1301 340 1380 libri
360 1314 550 1397 apocryphi,
572 1318 610 1377 ut
623 1312 764 1378 historia
778 1309 913 1395 Iosephi
929 1312 1071 1395 hgnarii,
1093 1318 1131 1378 ut
1145 1312 1459 1380 Pseudo-Matthaei

265 1424 483 1508 evangelium,
511 1428 549 1488 ut
570 1423 702 1490 Abdiae
724 1423 882 1488 historiae
905 1424 1122 1505 apostolicae,
1152 1424 1273 1507 quippe
1300 1424 1459 1490 maiorem

265 1536 341 1601 fidei
372 1536 514 1619 speciem
546 1532 757 1614 affectantes,
791 1555 832 1599 ex
861 1534 1016 1600 hebraico
1048 1555 1083 1598 se
1113 1534 1293 1600 translatos
1324 1533 1459 1618 fingunt.

266 1647 359 1732 Quae
382 1648 547 1714 enimvero
563 1645 698 1732 ¹passim
726 1645 873 1711 hebraici
900 1647 1133 1729 potiusquam
1160 1646 1270 1730 graeci
1298 1647 1460 1712 sermonis

265 1759 408 1823 indolem
432 1756 596 1839 redolent,
626 1777 666 1823 ea
686 1776 822 1840 prorsus
846 1757 1013 1839 quadrant
1034 1758 1069 1821 in
1092 1758 1258 1823 hominem
1280 1758 1458 1824 hebraeum

265 1890 382 1955 graece
406 1869 617 1951 scribentem
648 1890 709 1935 nec
730 1889 808 1935 vero
832 1869 1008 1953 quicquam
1030 1870 1222 1936 hebraicum
1245 1870 1460 1953 archetypum

264 1980 422 2066 postulat,
445 1981 533 2064 quod
555 2001 616 2046 nec
637 1979 768 2047 Iustino
792 1984 850 2044 aut
863 1978 1070 2046 Tertulliano
1093 1987 1151 2046 aut
1173 1981 1319 2048 Eusebio
1342 2003 1461 2047 memo·
1515 1971 1521 1978 ¹

265 2097 374 2157 ratum
397 2095 455 2156 est.

350 2200 422 2265 Alii
455 2221 568 2266 rursus
604 2200 706 2266 latine
743 2200 863 2265 librum
893 2201 1053 2284 scriptum
1083 2222 1155 2267 esse
1186 2202 1309 2267 volunt.
1364 2199 1461 2287 Quod

266 2332 365 2397 quum
387 2313 512 2376 nemini
534 2315 683 2376 ueterum
705 2312 739 2375 in
762 2314 904 2377 ruentem
926 2311 1024 2392 venit,
1052 2330 1251 2396 quamquam
1275 2314 1383 2396 ipsum
1405 2313 1461 2378 Pi·

264 2422 368 2488 latum
399 2422 503 2488 latino
535 2424 646 2505 potius
677 2443 776 2505 quam
807 2422 872 2489 alio
904 2442 1055 2489 sermone
1086 2425 1120 2488 in
1152 2425 1235 2488 actis
1266 2425 1334 2488 suis
1366 2444 1461 2488 usum

265 2535 349 2600 scire
382 2533 562 2616 debebant3
602 2537 672 2598 tum
702 2537 830 2618 pugnat
860 2555 934 2599 cum
964 2535 1037 2618 ipsu
1068 2534 1172 2600 latino
1210 2535 1366 2619 prologo,
1403 2535 1461 2619 qui

264 2667 415 2730 graecam
444 2668 485 2711 cx
512 2645 668 2712 hebraico
697 2646 1003 2730 interpretationem
1033 2645 1217 2730 profitetur.
1266 2647 1321 2712 Ac
1348 2648 1376 2712 si
1404 2648 1462 2732 qui

265 2758 352 2824 forte
374 2757 438 2822 loci
461 2756 563 2823 latine
585 2762 756 2841 praestare
779 2759 905 2842 graecis
928 2758 1089 2839 videntur,
1112 2759 1146 2823 id
1168 2779 1208 2823 ex
1230 2761 1357 2841 graecis
1373 2757 1462 2825 codi-

266 2867 358 2934 cibus
381 2868 519 2935 diversis
542 2890 562 2934 a
583 2869 722 2950 nostris,
753 2870 809 2952 qui
838 2875 948 2936 aetate
974 2885 1041 2936 non
1070 2869 1247 2953 excellunt,
1279 2868 1462 2935 derivatum

267 2986 326 3046 est.
368 2977 498 3044 Rursus
530 2979 635 3045 latina
666 3001 779 3064 saepe,
810 3001 929 3064 graeca
955 3001 1116 3064 nusquam
1144 2981 1359 3064 interpretem
1387 3002 1462 3064 pro·

266 3091 356 3158 dunt.
390 3089 508 3176 Neque
523 3113 676 3177 graecum
699 3093 913 3176 interpretem
935 3094 1036 3158 verba
1057 3093 1235 3158 latinitatis
1257 3094 1402 3176 propria,
1424 3098 1463 3159 ut

268 3207 378 3291 σίγμα,
402 3202 562 3290 κοῦρσωρ,
586 3203 727 3270 fideliter
748 3210 954 3271 retenturum
970 3205 1028 3271 sed
1042 3210 1202 3288 quantum
1217 3212 1331 3289 posset
1346 3227 1462 3289 graece

266 3315 472 3398 redditurum
494 3314 595 3381 fuisse
618 3317 770 3382 arbitror.

353 3427 518 3495 Graecum
546 3448 623 3492 uero
652 3431 820 3493 auctorem
846 3428 988 3509 primum
1020 3426 1137 3493 suadet
1166 3429 1321 3493 universa
1351 3431 1463 3512 graeci

268 3542 378 3603 textus
406 3537 508 3619 ratio,
537 3539 571 3601 in
595 3559 659 3620 quo
688 3558 806 3620 magna
834 3542 885 3603 est
907 3560 979 3603 curn
1003 3538 1180 3620 evangeliis
1203 3540 1370 3603 canonicis
1393 3538 1462 3604 affi-

268 3649 365 3714 nitas.
395 3647 537 3712 Accedit
552 3647 639 3731 quod
654 3648 844 3714 hebraicum
868 3649 1082 3733 archetypum
1104 3650 1139 3715 in
1161 3648 1293 3714 fictione
1316 3649 1461 3733 positum

268 3781 339 3827 esse
361 3765 490 3826 tantum
513 3781 579 3826 non
601 3765 726 3826 certum
749 3766 808 3846 est,
831 3767 865 3826 et
886 3761 1024 3828 latinum
1040 3782 1105 3846 quo
1122 3746 1374 3828 ¹commendetur
1395 3783 1463 3828 non

268 3872 376 3939 habet.
414 3871 522 3959 Quam
540 3894 617 3940 vero
641 3879 880 3939 consentaneus
904 3895 1040 3958 graecus
1063 3895 1170 3941 sermo
1193 3874 1278 3941 libro
1302 3875 1383 3957 ipsis
1405 3896 1463 3958 po·

268 3985 430 4050 tissimum
453 3982 588 4049 Iudaeis
611 3985 777 4052 destinato
801 3984 914 4069 fuerit,
942 4005 1043 4068 quum
1065 3990 1171 4051 totum
1194 3984 1326 4052 Novum
1348 3986 1463 4054 Testa·

268 4100 413 4163 mentum
443 4100 513 4160 tum
545 4100 597 4162 tot
628 4095 685 4162 alii
716 4097 895 4180 scriptores
923 4095 1054 4163 oriundi
1076 4119 1116 4163 ex
1138 4097 1273 4164 Iudaeis
1295 4106 1329 4165 et
1351 4103 1462 4165 tamen

269 4227 386 4290 graece
423 4207 603 4272 scribentes
640 4207 799 4291 probant,
841 4208 928 4273 inter
965 4228 1048 4289 quos
1090 4208 1186 4273 Philo
1225 4214 1258 4274 et
1300 4208 1462 4293 Iosephus

269 4319 420 4383 eminent

354 4429 461 4514 Quam
493 4430 532 4495 de
564 4430 646 4496 actis
678 4429 780 4496 Pilati
810 4431 1036 4513 quaestionem
1069 4437 1246 4514 antequam
1282 4433 1462 4514 mittamus,

268 4542 491 4626 quaerendum
520 4547 571 4608 est
598 4564 663 4627 qno
695 4548 842 4628 ternpore
872 4564 944 4609 eam
973 4543 1134 4610 subierint
1164 4545 1455 4629 interpolationem

267 4656 415 4723 cuicum
437 4654 588 4723 universa
609 4654 752 4754 quadam
777 4657 811 4724 ui
840 4655 936 4723 fallor
964 4657 1200 4724 retractatione
1225 4658 1325 4724 etiarn
1346 4657 1457 4743 prolo-
