<?xml version="1.0" encoding="UTF-8"?>
<!DOCTYPE html PUBLIC "-//W3C//DTD XHTML 1.0 Transitional//EN"
    "http://www.w3.org/TR/xhtml1/DTD/xhtml1-transitional.dtd">
<html xmlns="http://www.w3.org/1999/xhtml" xml:lang="en" lang="en">
 <head>
  <title>
</title>
<meta http-equiv="Content-Type" content="text/html;charset=utf-8" />
  <meta name='ocr-system' content='tesseract 3.04.00' />
  <meta name='ocr-capabilities' content='ocr_page ocr_carea ocr_par ocr_line ocrx_word'/>
</head>
<body>
  <div class='ocr_page' id='page_1' title='image "./evangeliaapocry02tiscgoog_0536.png"; bbox 0 0 3458 5640; ppageno 0'>
   <div class='ocr_carea' id='block_1_1' title="bbox 519 581 1441 644">
    <p class='ocr_par' dir='ltr' id='par_1_1' title="bbox 519 581 1441 644">
     <span class='ocr_line' id='line_1_1' title="bbox 519 581 1441 644; baseline 0.015 -13"><span class='ocrx_word' id='word_1_1' title='bbox 519 581 720 632; x_wconf 77' lang='lat' dir='ltr'><strong>asscensus</strong></span> <span class='ocrx_word' id='word_1_2' title='bbox 741 581 881 630; x_wconf 83' lang='lat' dir='ltr'><strong>crmrsrr</strong></span> <span class='ocrx_word' id='word_1_3' title='bbox 902 583 1125 633; x_wconf 72' lang='lat' dir='ltr'><strong>arimannos,</strong></span> <span class='ocrx_word' id='word_1_4' title='bbox 1154 584 1175 632; x_wconf 87' lang='lat'><strong>1.</strong></span> <span class='ocrx_word' id='word_1_5' title='bbox 1383 583 1441 644; x_wconf 80' lang='lat'><strong>421</strong></span> 
     </span>
    </p>
   </div>
   <div class='ocr_carea' id='block_1_2' title="bbox 248 729 1447 1419">
    <p class='ocr_par' dir='ltr' id='par_1_2' title="bbox 248 729 1447 1419">
     <span class='ocr_line' id='line_1_2' title="bbox 249 729 1446 816; baseline -0.002 -17"><span class='ocrx_word' id='word_1_6' title='bbox 249 737 377 799; x_wconf 77' lang='lat' dir='ltr'><strong>centes:</strong></span> <span class='ocrx_word' id='word_1_7' title='bbox 423 730 537 796; x_wconf 90' lang='lat' dir='ltr'><strong>Dicite</strong></span> <span class='ocrx_word' id='word_1_8' title='bbox 579 730 674 795; x_wconf 84' lang='lat' dir='ltr'><strong>nobis</strong></span> <span class='ocrx_word' id='word_1_9' title='bbox 712 732 875 814; x_wconf 87' lang='lat' dir='ltr'><strong>quomodo</strong></span> <span class='ocrx_word' id='word_1_10' title='bbox 918 729 1108 797; x_wconf 76' lang='lat' dir='ltr'><strong>surrexistis</strong></span> <span class='ocrx_word' id='word_1_11' title='bbox 1150 754 1171 798; x_wconf 87' lang='lat' dir='ltr'><strong>a</strong></span> <span class='ocrx_word' id='word_1_12' title='bbox 1212 732 1367 816; x_wconf 81' lang='lat' dir='ltr'><strong>mortuis,</strong></span> <span class='ocrx_word' id='word_1_13' title='bbox 1414 737 1446 798; x_wconf 89' lang='lat' dir='ltr'><strong>et</strong></span> 
     </span>
     <span class='ocr_line' id='line_1_3' title="bbox 251 834 1446 922; baseline 0.002 -20"><span class='ocrx_word' id='word_1_14' title='bbox 251 857 336 920; x_wconf 90' lang='lat' dir='ltr'><strong>quae</strong></span> <span class='ocrx_word' id='word_1_15' title='bbox 370 840 446 900; x_wconf 86' lang='lat' dir='ltr'><strong>sunt</strong></span> <span class='ocrx_word' id='word_1_16' title='bbox 482 834 565 901; x_wconf 88' lang='lat' dir='ltr'><strong>haec</strong></span> <span class='ocrx_word' id='word_1_17' title='bbox 601 834 766 901; x_wconf 88' lang='lat' dir='ltr'><strong>mirabilia</strong></span> <span class='ocrx_word' id='word_1_18' title='bbox 797 857 882 919; x_wconf 88' lang='lat' dir='ltr'><strong>qnae</strong></span> <span class='ocrx_word' id='word_1_19' title='bbox 918 836 1010 902; x_wconf 80' lang='lat' dir='ltr'><strong>sacta</strong></span> <span class='ocrx_word' id='word_1_20' title='bbox 1045 842 1123 902; x_wconf 86' lang='lat' dir='ltr'><strong>eunt</strong></span> <span class='ocrx_word' id='word_1_21' title='bbox 1153 837 1359 922; x_wconf 76' lang='lat' dir='ltr'>temporibus</span> <span class='ocrx_word' id='word_1_22' title='bbox 1389 860 1446 904; x_wconf 89' lang='lat' dir='ltr'><strong>ne·</strong></span> 
     </span>
     <span class='ocr_line' id='line_1_4' title="bbox 250 937 1446 1025; baseline 0.002 -21"><span class='ocrx_word' id='word_1_23' title='bbox 250 939 339 1020; x_wconf 84' lang='lat' dir='ltr'><strong>stris,</strong></span> <span class='ocrx_word' id='word_1_24' title='bbox 371 937 481 1022; x_wconf 87' lang='lat' dir='ltr'><strong>qualia</strong></span> <span class='ocrx_word' id='word_1_25' title='bbox 511 960 680 1021; x_wconf 83' lang='lat' dir='ltr'><strong>nunquam</strong></span> <span class='ocrx_word' id='word_1_26' title='bbox 710 938 896 1005; x_wconf 81' lang='lat' dir='ltr'><strong>audirimus</strong></span> <span class='ocrx_word' id='word_1_27' title='bbox 927 939 1104 1025; x_wconf 89' lang='lat' dir='ltr'><strong>aliquando</strong></span> <span class='ocrx_word' id='word_1_28' title='bbox 1133 940 1236 1007; x_wconf 85' lang='lat' dir='ltr'><strong>facta:</strong></span> <span class='ocrx_word' id='word_1_29' title='bbox 1270 940 1349 1024; x_wconf 88' lang='lat' dir='ltr'><strong>quia</strong></span> <span class='ocrx_word' id='word_1_30' title='bbox 1379 940 1446 1007; x_wconf 90' lang='lat' dir='ltr'><strong>iam</strong></span> 
     </span>
     <span class='ocr_line' id='line_1_5' title="bbox 249 1042 1447 1132; baseline 0.003 -25"><span class='ocrx_word' id='word_1_31' title='bbox 249 1065 325 1127; x_wconf 88' lang='lat' dir='ltr'><strong>prae</strong></span> <span class='ocrx_word' id='word_1_32' title='bbox 356 1063 478 1125; x_wconf 75' lang='lat' dir='ltr'><strong>parcre</strong></span> <span class='ocrx_word' id='word_1_33' title='bbox 506 1042 749 1126; x_wconf 85' lang='lat' dir='ltr'><strong>obstupuerunt</strong></span> <span class='ocrx_word' id='word_1_34' title='bbox 775 1043 886 1109; x_wconf 89' lang='lat' dir='ltr'><strong>omnia</strong></span> <span class='ocrx_word' id='word_1_35' title='bbox 910 1065 986 1110; x_wconf 86' lang='lat' dir='ltr'><strong>ossa</strong></span> <span class='ocrx_word' id='word_1_36' title='bbox 1009 1049 1124 1109; x_wconf 86' lang='lat' dir='ltr'><strong>nostra</strong></span> <span class='ocrx_word' id='word_1_37' title='bbox 1152 1048 1186 1109; x_wconf 86' lang='lat' dir='ltr'><strong>et</strong></span> <span class='ocrx_word' id='word_1_38' title='bbox 1212 1049 1386 1126; x_wconf 88' lang='lat' dir='ltr'><strong>aruerunt,</strong></span> <span class='ocrx_word' id='word_1_39' title='bbox 1413 1049 1447 1132; x_wconf 79' lang='lat' dir='ltr'><strong>et</strong></span> 
     </span>
     <span class='ocr_line' id='line_1_6' title="bbox 249 1147 1445 1231; baseline -0.002 -17"><span class='ocrx_word' id='word_1_40' title='bbox 249 1155 338 1214; x_wconf 91' lang='lat' dir='ltr'><strong>terra</strong></span> <span class='ocrx_word' id='word_1_41' title='bbox 375 1153 559 1214; x_wconf 86' lang='lat' dir='ltr'><strong>commc&#39;vct</strong></span> <span class='ocrx_word' id='word_1_42' title='bbox 596 1169 630 1211; x_wconf 84' lang='lat' dir='ltr'><strong>se</strong></span> <span class='ocrx_word' id='word_1_43' title='bbox 668 1147 729 1212; x_wconf 81' lang='lat' dir='ltr'><strong>sub</strong></span> <span class='ocrx_word' id='word_1_44' title='bbox 766 1147 905 1231; x_wconf 80' lang='lat' dir='ltr'><strong>pedibus</strong></span> <span class='ocrx_word' id='word_1_45' title='bbox 942 1149 1081 1214; x_wconf 83' lang='lat' dir='ltr'><strong>nostrie:</strong></span> <span class='ocrx_word' id='word_1_46' title='bbox 1119 1148 1327 1214; x_wconf 87' lang='lat' dir='ltr'><strong>adiunximus</strong></span> <span class='ocrx_word' id='word_1_47' title='bbox 1359 1148 1445 1214; x_wconf 89' lang='lat' dir='ltr'><strong>enim</strong></span> 
     </span>
     <span class='ocr_line' id='line_1_7' title="bbox 248 1252 1447 1337; baseline 0.002 -21"><span class='ocrx_word' id='word_1_48' title='bbox 248 1253 357 1317; x_wconf 86' lang='lat' dir='ltr'><strong>amnia</strong></span> <span class='ocrx_word' id='word_1_49' title='bbox 387 1256 525 1335; x_wconf 75' lang='lat' dir='ltr'><strong>pectora</strong></span> <span class='ocrx_word' id='word_1_50' title='bbox 557 1257 671 1316; x_wconf 88' lang='lat' dir='ltr'><strong>nostra</strong></span> <span class='ocrx_word' id='word_1_51' title='bbox 701 1257 739 1316; x_wconf 88' lang='lat' dir='ltr'><strong>ut</strong></span> <span class='ocrx_word' id='word_1_52' title='bbox 770 1252 1012 1318; x_wconf 77' lang='lat' dir='ltr'><strong>effunderemus</strong></span> <span class='ocrx_word' id='word_1_53' title='bbox 1040 1253 1233 1337; x_wconf 82' lang='lat' dir='ltr'><strong>sanguinem</strong></span> <span class='ocrx_word' id='word_1_54' title='bbox 1262 1254 1385 1318; x_wconf 88' lang='lat' dir='ltr'><strong>iustum</strong></span> <span class='ocrx_word' id='word_1_55' title='bbox 1413 1258 1447 1318; x_wconf 89' lang='lat' dir='ltr'><strong>et</strong></span> 
     </span>
     <span class='ocr_line' id='line_1_8' title="bbox 248 1359 1336 1419; baseline -0.001 -1"><span class='ocrx_word' id='word_1_56' title='bbox 248 1359 406 1419; x_wconf 86' lang='lat' dir='ltr'><strong>sanctum.</strong></span> <span class='ocrx_word' id='word_1_57' title='bbox 1334 1359 1336 1362; x_wconf 75' lang='grc'>’</span> 
     </span>
    </p>
   </div>
   <div class='ocr_carea' id='block_1_3' title="bbox 247 1489 1447 2503">
    <p class='ocr_par' dir='ltr' id='par_1_3' title="bbox 247 1489 1447 2503">
     <span class='ocr_line' id='line_1_9' title="bbox 334 1489 1445 1558; baseline 0.003 -3"><span class='ocrx_word' id='word_1_58' title='bbox 334 1489 456 1556; x_wconf 67' lang='grc' dir='ltr'><strong>ΙΤιιιιο</strong></span> <span class='ocrx_word' id='word_1_59' title='bbox 479 1491 631 1556; x_wconf 89' lang='lat' dir='ltr'><strong>Karinus</strong></span> <span class='ocrx_word' id='word_1_60' title='bbox 654 1497 688 1557; x_wconf 93' lang='lat' dir='ltr'><strong>ct</strong></span> <span class='ocrx_word' id='word_1_61' title='bbox 707 1491 852 1556; x_wconf 84' lang='lat' dir='ltr'><strong>Leucius</strong></span> <span class='ocrx_word' id='word_1_62' title='bbox 875 1496 1064 1558; x_wconf 86' lang='lat' dir='ltr'><strong>annuerunt</strong></span> <span class='ocrx_word' id='word_1_63' title='bbox 1086 1491 1134 1557; x_wconf 87' lang='lat' dir='ltr'><strong>cie</strong></span> <span class='ocrx_word' id='word_1_64' title='bbox 1156 1491 1308 1557; x_wconf 85' lang='lat' dir='ltr'><strong>manibus</strong></span> <span class='ocrx_word' id='word_1_65' title='bbox 1331 1495 1368 1556; x_wconf 91' lang='lat' dir='ltr'><strong>ut</strong></span> <span class='ocrx_word' id='word_1_66' title='bbox 1389 1491 1445 1558; x_wconf 87' lang='lat' dir='ltr'><strong>da·</strong></span> 
     </span>
     <span class='ocr_line' id='line_1_10' title="bbox 247 1594 1447 1662; baseline 0.001 -3"><span class='ocrx_word' id='word_1_67' title='bbox 247 1599 322 1661; x_wconf 91' lang='lat' dir='ltr'><strong>rent</strong></span> <span class='ocrx_word' id='word_1_68' title='bbox 345 1594 391 1660; x_wconf 87' lang='lat' dir='ltr'><strong>eis</strong></span> <span class='ocrx_word' id='word_1_69' title='bbox 414 1600 539 1660; x_wconf 87' lang='lat' dir='ltr'><strong>tomum</strong></span> <span class='ocrx_word' id='word_1_70' title='bbox 564 1595 701 1661; x_wconf 87' lang='lat' dir='ltr'><strong>chartac</strong></span> <span class='ocrx_word' id='word_1_71' title='bbox 728 1600 761 1660; x_wconf 88' lang='lat' dir='ltr'><strong>et</strong></span> <span class='ocrx_word' id='word_1_72' title='bbox 788 1600 1018 1662; x_wconf 77' lang='lat' dir='ltr'><strong>atramentum.</strong></span> <span class='ocrx_word' id='word_1_73' title='bbox 1062 1594 1139 1661; x_wconf 89' lang='lat' dir='ltr'><strong>Hoc</strong></span> <span class='ocrx_word' id='word_1_74' title='bbox 1160 1601 1273 1661; x_wconf 87' lang='lat' dir='ltr'><strong>autem</strong></span> <span class='ocrx_word' id='word_1_75' title='bbox 1294 1595 1447 1662; x_wconf 82' lang='lat' dir='ltr'><strong>iecerunt</strong></span> 
     </span>
     <span class='ocr_line' id='line_1_11' title="bbox 249 1701 1445 1789; baseline 0.003 -26"><span class='ocrx_word' id='word_1_76' title='bbox 249 1701 327 1784; x_wconf 83' lang='lat' dir='ltr'><strong>qnia</strong></span> <span class='ocrx_word' id='word_1_77' title='bbox 355 1724 420 1767; x_wconf 89' lang='lat' dir='ltr'><strong>non</strong></span> <span class='ocrx_word' id='word_1_78' title='bbox 448 1702 597 1786; x_wconf 77' lang='lat' dir='ltr'><strong>permisit</strong></span> <span class='ocrx_word' id='word_1_79' title='bbox 627 1724 683 1767; x_wconf 89' lang='lat' dir='ltr'><strong>cns</strong></span> <span class='ocrx_word' id='word_1_80' title='bbox 712 1702 846 1786; x_wconf 85' lang='lat' dir='ltr'><strong>spiritus</strong></span> <span class='ocrx_word' id='word_1_81' title='bbox 875 1706 1009 1767; x_wconf 85' lang='lat' dir='ltr'><strong>sanctus</strong></span> <span class='ocrx_word' id='word_1_82' title='bbox 1036 1701 1128 1784; x_wconf 84' lang='lat' dir='ltr'><strong>loqui</strong></span> <span class='ocrx_word' id='word_1_83' title='bbox 1158 1724 1232 1767; x_wconf 89' lang='lat' dir='ltr'><strong>cum</strong></span> <span class='ocrx_word' id='word_1_84' title='bbox 1258 1702 1334 1767; x_wconf 86' lang='lat' dir='ltr'><strong>illis.</strong></span> <span class='ocrx_word' id='word_1_85' title='bbox 1379 1701 1445 1789; x_wconf 81' lang='lat' dir='ltr'><strong>Qui</strong></span> 
     </span>
     <span class='ocr_line' id='line_1_12' title="bbox 248 1804 1445 1890; baseline 0 -20"><span class='ocrx_word' id='word_1_86' title='bbox 248 1806 363 1871; x_wconf 88' lang='lat' dir='ltr'><strong>dantes</strong></span> <span class='ocrx_word' id='word_1_87' title='bbox 392 1807 438 1870; x_wconf 82' lang='lat' dir='ltr'><strong>eia</strong></span> <span class='ocrx_word' id='word_1_88' title='bbox 464 1806 613 1889; x_wconf 79' lang='lat' dir='ltr'><strong>singulas</strong></span> <span class='ocrx_word' id='word_1_89' title='bbox 637 1807 771 1872; x_wconf 85' lang='lat' dir='ltr'><strong>chartas</strong></span> <span class='ocrx_word' id='word_1_90' title='bbox 794 1810 1088 1890; x_wconf 84' lang='lat' dir='ltr'><strong>sequestraverunt</strong></span> <span class='ocrx_word' id='word_1_91' title='bbox 1110 1828 1257 1871; x_wconf 86' lang='lat' dir='ltr'><strong>scorsum</strong></span> <span class='ocrx_word' id='word_1_92' title='bbox 1280 1828 1381 1871; x_wconf 91' lang='lat' dir='ltr'><strong>unum</strong></span> <span class='ocrx_word' id='word_1_93' title='bbox 1403 1804 1445 1870; x_wconf 91' lang='lat' dir='ltr'><strong>ab</strong></span> 
     </span>
     <span class='ocr_line' id='line_1_13' title="bbox 248 1906 1446 1991; baseline 0.001 -20"><span class='ocrx_word' id='word_1_94' title='bbox 248 1906 313 1972; x_wconf 85' lang='lat' dir='ltr'><strong>aiio</strong></span> <span class='ocrx_word' id='word_1_95' title='bbox 342 1907 376 1971; x_wconf 92' lang='lat' dir='ltr'><strong>in</strong></span> <span class='ocrx_word' id='word_1_96' title='bbox 400 1907 536 1990; x_wconf 81' lang='lat' dir='ltr'><strong>singulis</strong></span> <span class='ocrx_word' id='word_1_97' title='bbox 563 1908 699 1974; x_wconf 78' lang='lat' dir='ltr'><strong>cellulia</strong></span> <span class='ocrx_word' id='word_1_98' title='bbox 743 1906 863 1973; x_wconf 83' lang='lat' dir='ltr'><strong>Atilii</strong></span> <span class='ocrx_word' id='word_1_99' title='bbox 887 1906 999 1989; x_wconf 79' lang='lat' dir='ltr'><strong>digitis</strong></span> <span class='ocrx_word' id='word_1_100' title='bbox 1022 1908 1090 1972; x_wconf 83' lang='lat' dir='ltr'><strong>auis</strong></span> <span class='ocrx_word' id='word_1_101' title='bbox 1114 1906 1316 1991; x_wconf 80' lang='lat' dir='ltr'><strong>signaculum</strong></span> <span class='ocrx_word' id='word_1_102' title='bbox 1338 1906 1446 1972; x_wconf 84' lang='lat' dir='ltr'><strong>crucis</strong></span> 
     </span>
     <span class='ocr_line' id='line_1_14' title="bbox 249 2011 1447 2094; baseline 0 -17"><span class='ocrx_word' id='word_1_103' title='bbox 249 2011 371 2077; x_wconf 81' lang='lat' dir='ltr'><strong>Christi</strong></span> <span class='ocrx_word' id='word_1_104' title='bbox 404 2012 582 2094; x_wconf 82' lang='lat' dir='ltr'><strong>iacientes,</strong></span> <span class='ocrx_word' id='word_1_105' title='bbox 620 2013 653 2075; x_wconf 93' lang='lat' dir='ltr'><strong>in</strong></span> <span class='ocrx_word' id='word_1_106' title='bbox 686 2012 825 2094; x_wconf 75' lang='lat' dir='ltr'><strong>singulis</strong></span> <span class='ocrx_word' id='word_1_107' title='bbox 862 2016 1045 2094; x_wconf 76' lang='lat' dir='ltr'><strong>‹rccperunt</strong></span> <span class='ocrx_word' id='word_1_108' title='bbox 1080 2012 1224 2077; x_wconf 85' lang='lat' dir='ltr'><strong>scribere</strong></span> <span class='ocrx_word' id='word_1_109' title='bbox 1261 2012 1376 2078; x_wconf 89' lang='lat' dir='ltr'><strong>tomis:</strong></span> <span class='ocrx_word' id='word_1_110' title='bbox 1413 2016 1447 2077; x_wconf 85' lang='lat' dir='ltr'><strong>et</strong></span> 
     </span>
     <span class='ocr_line' id='line_1_15' title="bbox 249 2112 1446 2199; baseline 0 -21"><span class='ocrx_word' id='word_1_111' title='bbox 249 2117 424 2197; x_wconf 84' lang='lat' dir='ltr'><strong>postquam</strong></span> <span class='ocrx_word' id='word_1_112' title='bbox 454 2115 714 2196; x_wconf 83' lang='lat' dir='ltr'><strong>compleverunt,</strong></span> <span class='ocrx_word' id='word_1_113' title='bbox 743 2113 838 2197; x_wconf 79' lang='lat' dir='ltr'><strong>quani</strong></span> <span class='ocrx_word' id='word_1_114' title='bbox 868 2135 907 2179; x_wconf 86' lang='lat' dir='ltr'><strong>ex</strong></span> <span class='ocrx_word' id='word_1_115' title='bbox 934 2135 1001 2179; x_wconf 89' lang='lat' dir='ltr'><strong>uno</strong></span> <span class='ocrx_word' id='word_1_116' title='bbox 1031 2134 1088 2179; x_wconf 86' lang='lat' dir='ltr'><strong>erc</strong></span> <span class='ocrx_word' id='word_1_117' title='bbox 1115 2136 1136 2178; x_wconf 91' lang='lat' dir='ltr'><strong>a</strong></span> <span class='ocrx_word' id='word_1_118' title='bbox 1158 2112 1295 2199; x_wconf 82' lang='lat' dir='ltr'><strong>singulis</strong></span> <span class='ocrx_word' id='word_1_119' title='bbox 1318 2112 1446 2179; x_wconf 85' lang='lat' dir='ltr'><strong>cellulis</strong></span> 
     </span>
     <span class='ocr_line' id='line_1_16' title="bbox 249 2214 1445 2299; baseline 0 -19"><span class='ocrx_word' id='word_1_120' title='bbox 249 2216 515 2281; x_wconf 81' lang='lat' dir='ltr'><strong>exclamaverunt</strong></span> <span class='ocrx_word' id='word_1_121' title='bbox 538 2216 657 2281; x_wconf 86' lang='lat' dir='ltr'><strong>Amen.</strong></span> <span class='ocrx_word' id='word_1_122' title='bbox 701 2217 928 2299; x_wconf 81' lang='lat' dir='ltr'><strong>Exsurgentes</strong></span> <span class='ocrx_word' id='word_1_123' title='bbox 955 2238 1034 2282; x_wconf 81' lang='lat' dir='ltr'><strong>vero</strong></span> <span class='ocrx_word' id='word_1_124' title='bbox 1057 2215 1207 2281; x_wconf 89' lang='lat' dir='ltr'><strong>Karinus</strong></span> <span class='ocrx_word' id='word_1_125' title='bbox 1234 2214 1325 2281; x_wconf 89' lang='lat' dir='ltr'><strong>dedit</strong></span> <span class='ocrx_word' id='word_1_126' title='bbox 1352 2216 1445 2281; x_wconf 92' lang='lat' dir='ltr'><strong>char-</strong></span> 
     </span>
     <span class='ocr_line' id='line_1_17' title="bbox 248 2315 1445 2401; baseline 0 -19"><span class='ocrx_word' id='word_1_127' title='bbox 248 2321 317 2382; x_wconf 92' lang='lat' dir='ltr'><strong>tam</strong></span> <span class='ocrx_word' id='word_1_128' title='bbox 344 2340 436 2382; x_wconf 87' lang='lat' dir='ltr'><strong>suam</strong></span> <span class='ocrx_word' id='word_1_129' title='bbox 458 2317 578 2383; x_wconf 86' lang='lat' dir='ltr'><strong>Annae</strong></span> <span class='ocrx_word' id='word_1_130' title='bbox 605 2323 638 2384; x_wconf 86' lang='lat' dir='ltr'><strong>et</strong></span> <span class='ocrx_word' id='word_1_131' title='bbox 664 2317 810 2383; x_wconf 86' lang='lat' dir='ltr'><strong>Leucius</strong></span> <span class='ocrx_word' id='word_1_132' title='bbox 833 2315 995 2401; x_wconf 81' lang='lat' dir='ltr'><strong>Caiphae,</strong></span> <span class='ocrx_word' id='word_1_133' title='bbox 1027 2323 1061 2382; x_wconf 87' lang='lat' dir='ltr'><strong>et</strong></span> <span class='ocrx_word' id='word_1_134' title='bbox 1090 2316 1275 2382; x_wconf 82' lang='lat' dir='ltr'><strong>salutantes</strong></span> <span class='ocrx_word' id='word_1_135' title='bbox 1305 2315 1445 2383; x_wconf 80' lang='lat' dir='ltr'><strong>invicem</strong></span> 
     </span>
     <span class='ocr_line' id='line_1_18' title="bbox 250 2419 1030 2503; baseline 0 -19"><span class='ocrx_word' id='word_1_136' title='bbox 250 2419 401 2485; x_wconf 83' lang='lat' dir='ltr'><strong>exierunt</strong></span> <span class='ocrx_word' id='word_1_137' title='bbox 422 2427 456 2485; x_wconf 90' lang='lat' dir='ltr'><strong>ct</strong></span> <span class='ocrx_word' id='word_1_138' title='bbox 478 2422 599 2485; x_wconf 83' lang='lat' dir='ltr'><strong>reversi</strong></span> <span class='ocrx_word' id='word_1_139' title='bbox 624 2426 701 2486; x_wconf 81' lang='lat' dir='ltr'><strong>aunt</strong></span> <span class='ocrx_word' id='word_1_140' title='bbox 724 2420 765 2486; x_wconf 86' lang='lat' dir='ltr'><strong>ad</strong></span> <span class='ocrx_word' id='word_1_141' title='bbox 789 2421 940 2503; x_wconf 87' lang='lat' dir='ltr'><strong>sepulcra</strong></span> <span class='ocrx_word' id='word_1_142' title='bbox 962 2442 1030 2485; x_wconf 86' lang='lat' dir='ltr'><strong>sua.</strong></span> 
     </span>
    </p>
   </div>
   <div class='ocr_carea' id='block_1_4' title="bbox 244 2751 1447 3682">
    <p class='ocr_par' dir='ltr' id='par_1_4' title="bbox 244 2751 1447 3682">
     <span class='ocr_line' id='line_1_19' title="bbox 244 2751 1445 2818; baseline -0.001 -17"><span class='ocrx_word' id='word_1_143' title='bbox 244 2769 311 2816; x_wconf 65' lang='lat' dir='ltr'><strong>egem</strong></span> <span class='ocrx_word' id='word_1_144' title='bbox 328 2756 364 2813; x_wconf 83' lang='lat' dir='ltr'><strong>st)</strong></span> <span class='ocrx_word' id='word_1_145' title='bbox 387 2757 526 2816; x_wconf 76' lang='lat' dir='ltr'><strong>posuerant</strong></span> <span class='ocrx_word' id='word_1_146' title='bbox 543 2779 553 2788; x_wconf 93' lang='lat'><em>·</em></span> <span class='ocrx_word' id='word_1_147' title='bbox 572 2752 652 2802; x_wconf 77' lang='lat' dir='ltr'><strong>Helai</strong></span> <span class='ocrx_word' id='word_1_148' title='bbox 669 2751 720 2814; x_wconf 83' lang='lat' dir='ltr'><strong>(ite</strong></span> <span class='ocrx_word' id='word_1_149' title='bbox 751 2767 783 2812; x_wconf 76' lang='grc' dir='ltr'><strong>ος</strong></span> <span class='ocrx_word' id='word_1_150' title='bbox 807 2751 919 2818; x_wconf 53' lang='lat' dir='ltr'><strong>Micy,</strong></span> <span class='ocrx_word' id='word_1_151' title='bbox 938 2764 955 2802; x_wconf 73' lang='lat' dir='ltr'><strong>n</strong></span> <span class='ocrx_word' id='word_1_152' title='bbox 975 2751 1050 2818; x_wconf 71' lang='lat' dir='ltr'><strong><em>Oloy)</em></strong></span> <span class='ocrx_word' id='word_1_153' title='bbox 1069 2777 1078 2787; x_wconf 95' lang='lat'>·</span> <span class='ocrx_word' id='word_1_154' title='bbox 1096 2751 1200 2801; x_wconf 76' lang='lat' dir='ltr'><strong>Adonai</strong></span> <span class='ocrx_word' id='word_1_155' title='bbox 1224 2751 1274 2815; x_wconf 76' lang='lat' dir='ltr'><strong>(ite</strong></span> <span class='ocrx_word' id='word_1_156' title='bbox 1291 2765 1321 2810; x_wconf 73' lang='grc' dir='ltr'><strong>ος</strong></span> <span class='ocrx_word' id='word_1_157' title='bbox 1339 2763 1357 2802; x_wconf 76' lang='grc' dir='ltr'><strong>Β</strong></span> <span class='ocrx_word' id='word_1_158' title='bbox 1376 2751 1445 2801; x_wconf 75' lang='lat' dir='ltr'><strong>Aao-</strong></span> 
     </span>
     <span class='ocr_line' id='line_1_20' title="bbox 247 2836 1446 2908; baseline 0 -21"><span class='ocrx_word' id='word_1_159' title='bbox 247 2856 305 2906; x_wconf 73' lang='lat' dir='ltr'><strong>nay‚</strong></span> <span class='ocrx_word' id='word_1_160' title='bbox 323 2854 339 2891; x_wconf 79' lang='grc' dir='ltr'><strong>Α</strong></span> <span class='ocrx_word' id='word_1_161' title='bbox 359 2839 476 2908; x_wconf 73' lang='lat' dir='ltr'><strong>Admay)</strong></span> <span class='ocrx_word' id='word_1_162' title='bbox 495 2867 504 2877; x_wconf 95' lang='lat'>·</span> <span class='ocrx_word' id='word_1_163' title='bbox 523 2840 666 2890; x_wconf 76' lang='lat' dir='ltr'><strong>andivimus</strong></span> <span class='ocrx_word' id='word_1_164' title='bbox 686 2840 714 2903; x_wconf 76' lang='lat' dir='ltr'><strong>(a</strong></span> <span class='ocrx_word' id='word_1_165' title='bbox 733 2839 787 2902; x_wconf 82' lang='lat' dir='ltr'><strong>cm)</strong></span> <span class='ocrx_word' id='word_1_166' title='bbox 807 2837 871 2904; x_wconf 77' lang='lat' dir='ltr'><strong>aliq.</strong></span> <span class='ocrx_word' id='word_1_167' title='bbox 888 2840 970 2903; x_wconf 82' lang='lat' dir='ltr'><strong>sacta</strong></span> <span class='ocrx_word' id='word_1_168' title='bbox 991 2838 1020 2903; x_wconf 84' lang='lat' dir='ltr'><strong>(n</strong></span> <span class='ocrx_word' id='word_1_169' title='bbox 1039 2839 1091 2889; x_wconf 79' lang='lat' dir='ltr'><strong>edd</strong></span> <span class='ocrx_word' id='word_1_170' title='bbox 1109 2836 1178 2902; x_wconf 79' lang='lat' dir='ltr'><strong>snat)</strong></span> <span class='ocrx_word' id='word_1_171' title='bbox 1199 2875 1227 2889; x_wconf 87' lang='lat'><strong>..</strong></span> <span class='ocrx_word' id='word_1_172' title='bbox 1248 2840 1401 2891; x_wconf 82' lang='lat' dir='ltr'><strong>caenernst</strong></span> <span class='ocrx_word' id='word_1_173' title='bbox 1417 2837 1446 2887; x_wconf 84' lang='lat' dir='ltr'><strong>irs</strong></span> 
     </span>
     <span class='ocr_line' id='line_1_21' title="bbox 247 2928 1447 2996; baseline -0.002 -18"><span class='ocrx_word' id='word_1_174' title='bbox 247 2947 400 2996; x_wconf 63' lang='lat' dir='ltr'><strong>ayaayoaam</strong></span> <span class='ocrx_word' id='word_1_175' title='bbox 424 2947 479 2980; x_wconf 81' lang='lat' dir='ltr'><strong>eam</strong></span> <span class='ocrx_word' id='word_1_176' title='bbox 502 2931 574 2994; x_wconf 77' lang='lat' dir='ltr'><strong>ipsis.</strong></span> <span class='ocrx_word' id='word_1_177' title='bbox 614 2929 673 2978; x_wconf 85' lang='lat' dir='ltr'><strong>Cara</strong></span> <span class='ocrx_word' id='word_1_178' title='bbox 696 2946 756 2993; x_wconf 70' lang='lat' dir='ltr'><strong>erqo</strong></span> <span class='ocrx_word' id='word_1_179' title='bbox 781 2928 904 2978; x_wconf 78' lang='lat' dir='ltr'><strong>vidissent</strong></span> <span class='ocrx_word' id='word_1_180' title='bbox 927 2945 970 2979; x_wconf 88' lang='lat' dir='ltr'><strong>ecs</strong></span> <span class='ocrx_word' id='word_1_181' title='bbox 988 2928 1122 2993; x_wconf 70' lang='lat' dir='ltr'><strong>principes</strong></span> <span class='ocrx_word' id='word_1_182' title='bbox 1145 2928 1317 2987; x_wconf 75' lang='lat' dir='ltr'><strong>sacerdotnm,</strong></span> <span class='ocrx_word' id='word_1_183' title='bbox 1343 2928 1447 2977; x_wconf 82' lang='lat' dir='ltr'><strong>airainm</strong></span> 
     </span>
     <span class='ocr_line' id='line_1_22' title="bbox 248 3014 1446 3081; baseline 0 -19"><span class='ocrx_word' id='word_1_184' title='bbox 248 3014 517 3080; x_wconf 77' lang='lat' dir='ltr'><strong>1·ardarbati[srrrrt],</strong></span> <span class='ocrx_word' id='word_1_185' title='bbox 543 3020 567 3065; x_wconf 86' lang='lat' dir='ltr'><strong>et</strong></span> <span class='ocrx_word' id='word_1_186' title='bbox 590 3021 684 3065; x_wconf 74' lang='lat' dir='ltr'><strong>tremor</strong></span> <span class='ocrx_word' id='word_1_187' title='bbox 709 3016 877 3081; x_wconf 70' lang='lat' dir='ltr'><strong>apprehendit</strong></span> <span class='ocrx_word' id='word_1_188' title='bbox 900 3031 950 3064; x_wconf 84' lang='lat' dir='ltr'><strong>eos.</strong></span> <span class='ocrx_word' id='word_1_189' title='bbox 987 3016 1092 3065; x_wconf 77' lang='lat' dir='ltr'><strong>Damam</strong></span> <span class='ocrx_word' id='word_1_190' title='bbox 1111 3017 1229 3063; x_wconf 74' lang='lat' dir='ltr'><strong>Annaei</strong></span> <span class='ocrx_word' id='word_1_191' title='bbox 1249 3015 1359 3080; x_wconf 81' lang='lat' dir='ltr'><strong>Oaipisas</strong></span> <span class='ocrx_word' id='word_1_192' title='bbox 1377 3029 1446 3062; x_wconf 84' lang='lat' dir='ltr'><strong>aeae·</strong></span> 
     </span>
     <span class='ocr_line' id='line_1_23' title="bbox 245 3103 1446 3168; baseline 0 -18"><span class='ocrx_word' id='word_1_193' title='bbox 245 3109 339 3166; x_wconf 72' lang='lat' dir='ltr'><strong>perant</strong></span> <span class='ocrx_word' id='word_1_194' title='bbox 357 3105 437 3154; x_wconf 79' lang='lat' dir='ltr'><strong>libros</strong></span> <span class='ocrx_word' id='word_1_195' title='bbox 459 3104 522 3168; x_wconf 59' lang='lat' dir='ltr'><strong>legis</strong></span> <span class='ocrx_word' id='word_1_196' title='bbox 539 3105 581 3153; x_wconf 84' lang='lat' dir='ltr'><strong>dei</strong></span> <span class='ocrx_word' id='word_1_197' title='bbox 604 3108 629 3154; x_wconf 85' lang='lat' dir='ltr'><strong>et</strong></span> <span class='ocrx_word' id='word_1_198' title='bbox 654 3120 709 3166; x_wconf 79' lang='lat' dir='ltr'><strong>pos.</strong></span> <span class='ocrx_word' id='word_1_199' title='bbox 729 3106 756 3152; x_wconf 86' lang='lat' dir='ltr'><strong>in</strong></span> <span class='ocrx_word' id='word_1_200' title='bbox 777 3104 870 3153; x_wconf 78' lang='lat' dir='ltr'><strong>manib.</strong></span> <span class='ocrx_word' id='word_1_201' title='bbox 891 3121 942 3153; x_wconf 85' lang='lat' dir='ltr'><strong>eor.</strong></span> <span class='ocrx_word' id='word_1_202' title='bbox 961 3108 986 3154; x_wconf 89' lang='lat' dir='ltr'><strong>et</strong></span> <span class='ocrx_word' id='word_1_203' title='bbox 1009 3104 1095 3153; x_wconf 82' lang='lat' dir='ltr'><strong>adinr.</strong></span> <span class='ocrx_word' id='word_1_204' title='bbox 1115 3119 1157 3152; x_wconf 85' lang='lat' dir='ltr'><strong>ees</strong></span> <span class='ocrx_word' id='word_1_205' title='bbox 1176 3104 1288 3153; x_wconf 80' lang='lat' dir='ltr'><strong>dieentes</strong></span> <span class='ocrx_word' id='word_1_206' title='bbox 1304 3105 1357 3153; x_wconf 84' lang='lat' dir='ltr'><strong>Per</strong></span> <span class='ocrx_word' id='word_1_207' title='bbox 1374 3103 1446 3152; x_wconf 76' lang='lat' dir='ltr'><strong>denne</strong></span> 
     </span>
     <span class='ocr_line' id='line_1_24' title="bbox 249 3187 1445 3254; baseline -0.001 -15"><span class='ocrx_word' id='word_1_208' title='bbox 249 3189 328 3239; x_wconf 81' lang='lat' dir='ltr'><strong>Helai</strong></span> <span class='ocrx_word' id='word_1_209' title='bbox 346 3194 371 3238; x_wconf 83' lang='lat' dir='ltr'><strong>et</strong></span> <span class='ocrx_word' id='word_1_210' title='bbox 387 3191 427 3238; x_wconf 78' lang='lat' dir='ltr'><strong>de.</strong></span> <span class='ocrx_word' id='word_1_211' title='bbox 442 3191 503 3249; x_wconf 74' lang='lat' dir='ltr'><strong>Aa,</strong></span> <span class='ocrx_word' id='word_1_212' title='bbox 518 3206 567 3253; x_wconf 82' lang='lat' dir='ltr'><strong>per</strong></span> <span class='ocrx_word' id='word_1_213' title='bbox 586 3190 633 3253; x_wconf 67' lang='lat' dir='ltr'><strong>lea.</strong></span> <span class='ocrx_word' id='word_1_214' title='bbox 652 3195 677 3238; x_wconf 86' lang='lat' dir='ltr'><strong>et</strong></span> <span class='ocrx_word' id='word_1_215' title='bbox 693 3192 784 3253; x_wconf 77' lang='lat' dir='ltr'><strong>propt.</strong></span> <span class='ocrx_word' id='word_1_216' title='bbox 805 3191 968 3239; x_wconf 72' lang='lat' dir='ltr'><strong>cantaremus</strong></span> <span class='ocrx_word' id='word_1_217' title='bbox 985 3187 1060 3254; x_wconf 85' lang='lat' dir='ltr'><strong>[ros]</strong></span> <span class='ocrx_word' id='word_1_218' title='bbox 1079 3194 1108 3239; x_wconf 84' lang='lat' dir='ltr'><strong>nt</strong></span> <span class='ocrx_word' id='word_1_219' title='bbox 1124 3190 1219 3238; x_wconf 81' lang='lat' dir='ltr'><strong>dicati-r</strong></span> <span class='ocrx_word' id='word_1_220' title='bbox 1235 3188 1307 3239; x_wconf 78' lang='lat' dir='ltr'><strong>nobie</strong></span> <span class='ocrx_word' id='word_1_221' title='bbox 1325 3189 1445 3254; x_wconf 75' lang='lat' dir='ltr'><strong>quomoda</strong></span> 
     </span>
     <span class='ocr_line' id='line_1_25' title="bbox 248 3276 1447 3341; baseline -0.001 -17"><span class='ocrx_word' id='word_1_222' title='bbox 248 3293 346 3327; x_wconf 70' lang='lat' dir='ltr'><strong>resurr.</strong></span> <span class='ocrx_word' id='word_1_223' title='bbox 367 3294 383 3324; x_wconf 87' lang='lat' dir='ltr'><strong>a</strong></span> <span class='ocrx_word' id='word_1_224' title='bbox 405 3293 453 3326; x_wconf 88' lang='lat' dir='ltr'><strong>mo.</strong></span> <span class='ocrx_word' id='word_1_225' title='bbox 473 3282 498 3325; x_wconf 87' lang='lat' dir='ltr'><strong>et</strong></span> <span class='ocrx_word' id='word_1_226' title='bbox 518 3279 581 3326; x_wconf 76' lang='lat' dir='ltr'><strong>daec</strong></span> <span class='ocrx_word' id='word_1_227' title='bbox 603 3276 734 3326; x_wconf 74' lang='lat' dir='ltr'><strong>mirabilia</strong></span> <span class='ocrx_word' id='word_1_228' title='bbox 758 3293 798 3340; x_wconf 82' lang='lat' dir='ltr'><strong>qn.</strong></span> <span class='ocrx_word' id='word_1_229' title='bbox 811 3278 858 3341; x_wconf 90' lang='lat' dir='ltr'><strong>sa.</strong></span> <span class='ocrx_word' id='word_1_230' title='bbox 880 3281 938 3326; x_wconf 86' lang='lat' dir='ltr'><strong>sant</strong></span> <span class='ocrx_word' id='word_1_231' title='bbox 960 3278 999 3325; x_wconf 78' lang='lat' dir='ltr'><strong>isis</strong></span> <span class='ocrx_word' id='word_1_232' title='bbox 1019 3277 1118 3335; x_wconf 76' lang='lat' dir='ltr'><strong>diebus,</strong></span> <span class='ocrx_word' id='word_1_233' title='bbox 1142 3277 1231 3341; x_wconf 74' lang='lat' dir='ltr'><strong>qualia</strong></span> <span class='ocrx_word' id='word_1_234' title='bbox 1247 3291 1373 3339; x_wconf 80' lang='lat' dir='ltr'><strong>nunqnam</strong></span> <span class='ocrx_word' id='word_1_235' title='bbox 1390 3277 1447 3324; x_wconf 85' lang='lat' dir='ltr'><strong>cisa</strong></span> 
     </span>
     <span class='ocr_line' id='line_1_26' title="bbox 248 3355 1445 3424; baseline -0.002 -15"><span class='ocrx_word' id='word_1_236' title='bbox 248 3366 306 3409; x_wconf 72' lang='lat' dir='ltr'><strong>siant</strong></span> <span class='ocrx_word' id='word_1_237' title='bbox 324 3377 340 3407; x_wconf 86' lang='lat' dir='ltr'><strong>a</strong></span> <span class='ocrx_word' id='word_1_238' title='bbox 359 3361 535 3410; x_wconf 77' lang='lat' dir='ltr'><strong>constitutione</strong></span> <span class='ocrx_word' id='word_1_239' title='bbox 552 3362 646 3409; x_wconf 83' lang='lat' dir='ltr'><strong>mnndi.</strong></span> <span class='ocrx_word' id='word_1_240' title='bbox 672 3361 677 3420; x_wconf 95' lang='grc' dir='ltr'>Ι</span> <span class='ocrx_word' id='word_1_241' title='bbox 701 3361 761 3424; x_wconf 82' lang='lat' dir='ltr'><strong>qnia</strong></span> <span class='ocrx_word' id='word_1_242' title='bbox 779 3363 830 3407; x_wconf 81' lang='lat' dir='ltr'><strong>iam</strong></span> <span class='ocrx_word' id='word_1_243' title='bbox 851 3377 918 3424; x_wconf 76' lang='lat' dir='ltr'><strong>prae</strong></span> <span class='ocrx_word' id='word_1_244' title='bbox 937 3395 967 3409; x_wconf 90' lang='lat'><strong>..</strong></span> <span class='ocrx_word' id='word_1_245' title='bbox 988 3364 1046 3411; x_wconf 86' lang='lat' dir='ltr'><strong>cet</strong></span> <span class='ocrx_word' id='word_1_246' title='bbox 1063 3376 1108 3409; x_wconf 85' lang='lat' dir='ltr'><strong>nae</strong></span> <span class='ocrx_word' id='word_1_247' title='bbox 1126 3359 1240 3424; x_wconf 78' lang='lat' dir='ltr'><strong>(corrige</strong></span> <span class='ocrx_word' id='word_1_248' title='bbox 1258 3358 1339 3420; x_wconf 80' lang='lat' dir='ltr'><strong>notis)</strong></span> <span class='ocrx_word' id='word_1_249' title='bbox 1353 3375 1420 3422; x_wconf 73' lang='lat' dir='ltr'><strong>pene</strong></span> <span class='ocrx_word' id='word_1_250' title='bbox 1440 3355 1445 3423; x_wconf 93' lang='grc' dir='ltr'>Ι</span> 
     </span>
     <span class='ocr_line' id='line_1_27' title="bbox 249 3444 1444 3510; baseline 0.001 -18"><span class='ocrx_word' id='word_1_251' title='bbox 249 3462 365 3495; x_wconf 73' lang='lat' dir='ltr'><strong>remmon·</strong></span> <span class='ocrx_word' id='word_1_252' title='bbox 387 3463 414 3493; x_wconf 83' lang='lat' dir='ltr'><strong>sc</strong></span> <span class='ocrx_word' id='word_1_253' title='bbox 438 3463 495 3494; x_wconf 85' lang='lat' dir='ltr'><strong>cnm</strong></span> <span class='ocrx_word' id='word_1_254' title='bbox 514 3462 531 3496; x_wconf 78' lang='lat' dir='ltr'><strong>a</strong></span> <span class='ocrx_word' id='word_1_255' title='bbox 556 3482 562 3494; x_wconf 93' lang='lat'>.</span> <span class='ocrx_word' id='word_1_256' title='bbox 583 3482 589 3495; x_wconf 89' lang='lat'>.</span> <span class='ocrx_word' id='word_1_257' title='bbox 615 3459 631 3494; x_wconf 81' lang='lat' dir='ltr'><strong>rr</strong></span> <span class='ocrx_word' id='word_1_258' title='bbox 650 3451 773 3495; x_wconf 83' lang='lat' dir='ltr'><strong>remmota</strong></span> <span class='ocrx_word' id='word_1_259' title='bbox 791 3451 841 3503; x_wconf 84' lang='lat' dir='ltr'><strong>est,</strong></span> <span class='ocrx_word' id='word_1_260' title='bbox 866 3450 1012 3496; x_wconf 65' lang='lat' dir='ltr'><strong>catenatur</strong></span> <span class='ocrx_word' id='word_1_261' title='bbox 1038 3444 1043 3506; x_wconf 94' lang='grc' dir='ltr'>Ι</span> <span class='ocrx_word' id='word_1_262' title='bbox 1070 3447 1175 3493; x_wconf 79' lang='lat' dir='ltr'><strong>adinna.</strong></span> <span class='ocrx_word' id='word_1_263' title='bbox 1195 3445 1260 3492; x_wconf 86' lang='lat' dir='ltr'><strong>enim</strong></span> <span class='ocrx_word' id='word_1_264' title='bbox 1277 3469 1287 3480; x_wconf 92' lang='lat'>·</span> <span class='ocrx_word' id='word_1_265' title='bbox 1304 3449 1332 3492; x_wconf 82' lang='lat' dir='ltr'><strong>nt</strong></span> <span class='ocrx_word' id='word_1_266' title='bbox 1350 3444 1444 3510; x_wconf 72' lang='lat' dir='ltr'><strong>ejsnnd.</strong></span> 
     </span>
     <span class='ocr_line' id='line_1_28' title="bbox 249 3532 1444 3598; baseline -0.002 -17"><span class='ocrx_word' id='word_1_267' title='bbox 249 3548 306 3581; x_wconf 86' lang='lat' dir='ltr'><strong>cnm</strong></span> <span class='ocrx_word' id='word_1_268' title='bbox 325 3545 343 3582; x_wconf 76' lang='lat' dir='ltr'><strong>n</strong></span> <span class='ocrx_word' id='word_1_269' title='bbox 363 3567 392 3581; x_wconf 86' lang='lat'><strong>..</strong></span> <span class='ocrx_word' id='word_1_270' title='bbox 415 3545 432 3582; x_wconf 81' lang='grc' dir='ltr'>Β</span> <span class='ocrx_word' id='word_1_271' title='bbox 451 3533 511 3596; x_wconf 82' lang='lat' dir='ltr'><strong>qnia</strong></span> <span class='ocrx_word' id='word_1_272' title='bbox 529 3533 662 3598; x_wconf 72' lang='lat' dir='ltr'><strong>effisdimns</strong></span> <span class='ocrx_word' id='word_1_273' title='bbox 680 3569 686 3581; x_wconf 90' lang='lat'>.</span> <span class='ocrx_word' id='word_1_274' title='bbox 707 3567 714 3581; x_wconf 88' lang='lat'><strong>.</strong></span> <span class='ocrx_word' id='word_1_275' title='bbox 740 3546 755 3583; x_wconf 92' lang='lat' dir='ltr'><strong>c</strong></span> <span class='ocrx_word' id='word_1_276' title='bbox 774 3537 798 3580; x_wconf 78' lang='lat' dir='ltr'><strong>et</strong></span> <span class='ocrx_word' id='word_1_277' title='bbox 816 3533 930 3581; x_wconf 75' lang='lat' dir='ltr'><strong>creditur·</strong></span> <span class='ocrx_word' id='word_1_278' title='bbox 948 3533 1011 3594; x_wconf 88' lang='lat' dir='ltr'><strong>(sic)</strong></span> <span class='ocrx_word' id='word_1_279' title='bbox 1030 3533 1153 3581; x_wconf 76' lang='lat' dir='ltr'><strong>accidisse</strong></span> <span class='ocrx_word' id='word_1_280' title='bbox 1170 3533 1231 3580; x_wconf 80' lang='lat' dir='ltr'><strong>daec</strong></span> <span class='ocrx_word' id='word_1_281' title='bbox 1250 3533 1367 3595; x_wconf 70' lang='lat' dir='ltr'><strong>nuceriam</strong></span> <span class='ocrx_word' id='word_1_282' title='bbox 1384 3532 1444 3598; x_wconf 81' lang='lat' dir='ltr'><strong>effn-</strong></span> 
     </span>
     <span class='ocr_line' id='line_1_29' title="bbox 247 3619 1034 3682; baseline 0 -14"><span class='ocrx_word' id='word_1_283' title='bbox 247 3621 329 3669; x_wconf 82' lang='lat' dir='ltr'><strong>ds&#39;mns</strong></span> <span class='ocrx_word' id='word_1_284' title='bbox 343 3619 348 3682; x_wconf 99' lang='grc' dir='ltr'>Ι</span> <span class='ocrx_word' id='word_1_285' title='bbox 363 3621 421 3670; x_wconf 82' lang='lat' dir='ltr'><strong>inst.</strong></span> <span class='ocrx_word' id='word_1_286' title='bbox 441 3626 465 3669; x_wconf 84' lang='lat' dir='ltr'><strong>et</strong></span> <span class='ocrx_word' id='word_1_287' title='bbox 483 3637 522 3670; x_wconf 84' lang='lat' dir='ltr'><strong>sa.</strong></span> <span class='ocrx_word' id='word_1_288' title='bbox 543 3637 599 3670; x_wconf 87' lang='lat' dir='ltr'><strong>cum</strong></span> <span class='ocrx_word' id='word_1_289' title='bbox 621 3633 655 3672; x_wconf 79' lang='grc' dir='ltr'><strong>ΑΒ</strong></span> <span class='ocrx_word' id='word_1_290' title='bbox 676 3656 705 3671; x_wconf 91' lang='grc'><strong>..</strong></span> <span class='ocrx_word' id='word_1_291' title='bbox 726 3635 741 3672; x_wconf 89' lang='lat' dir='ltr'><strong>c</strong></span> <span class='ocrx_word' id='word_1_292' title='bbox 760 3624 914 3670; x_wconf 77' lang='lat' dir='ltr'><strong>innocentem</strong></span> <span class='ocrx_word' id='word_1_293' title='bbox 932 3627 957 3669; x_wconf 84' lang='lat' dir='ltr'><strong>et</strong></span> <span class='ocrx_word' id='word_1_294' title='bbox 975 3621 1034 3669; x_wconf 75' lang='lat' dir='ltr'><strong>irai.</strong></span> 
     </span>
    </p>
   </div>
   <div class='ocr_carea' id='block_1_5' title="bbox 245 3741 1446 4766">
    <p class='ocr_par' dir='ltr' id='par_1_5' title="bbox 245 3741 1446 4766">
     <span class='ocr_line' id='line_1_30' title="bbox 332 3741 1446 3809; baseline 0.002 -16"><span class='ocrx_word' id='word_1_295' title='bbox 332 3744 356 3793; x_wconf 84' lang='lat'><strong>8.</strong></span> <span class='ocrx_word' id='word_1_296' title='bbox 393 3744 508 3792; x_wconf 84' lang='lat' dir='ltr'><strong>Karinns</strong></span> <span class='ocrx_word' id='word_1_297' title='bbox 525 3749 549 3792; x_wconf 87' lang='lat' dir='ltr'><strong>et</strong></span> <span class='ocrx_word' id='word_1_298' title='bbox 567 3744 689 3793; x_wconf 57' lang='lat' dir='ltr'><strong>mecine:</strong></span> <span class='ocrx_word' id='word_1_299' title='bbox 712 3747 841 3809; x_wconf 83' lang='lat' dir='ltr'><strong>utsupra</strong></span> <span class='ocrx_word' id='word_1_300' title='bbox 863 3741 868 3806; x_wconf 92' lang='grc' dir='ltr'>Ι</span> <span class='ocrx_word' id='word_1_301' title='bbox 888 3758 904 3796; x_wconf 76' lang='grc' dir='ltr'><strong>Δ</strong></span> <span class='ocrx_word' id='word_1_302' title='bbox 922 3744 1059 3792; x_wconf 72' lang='lat' dir='ltr'><strong>innuerunt</strong></span> <span class='ocrx_word' id='word_1_303' title='bbox 1078 3744 1082 3806; x_wconf 91' lang='grc' dir='ltr'>Ι</span> <span class='ocrx_word' id='word_1_304' title='bbox 1104 3747 1194 3793; x_wconf 83' lang='lat' dir='ltr'><strong>tenram</strong></span> <span class='ocrx_word' id='word_1_305' title='bbox 1212 3743 1317 3792; x_wconf 72' lang='lat' dir='ltr'><strong>chartae</strong></span> <span class='ocrx_word' id='word_1_306' title='bbox 1335 3758 1393 3791; x_wconf 85' lang='lat' dir='ltr'><strong>curn</strong></span> <span class='ocrx_word' id='word_1_307' title='bbox 1412 3755 1446 3795; x_wconf 76' lang='lat' dir='ltr'><strong>Ac</strong></span> 
     </span>
     <span class='ocr_line' id='line_1_31' title="bbox 248 3829 1445 3898; baseline -0.003 -15"><span class='ocrx_word' id='word_1_308' title='bbox 248 3869 277 3883; x_wconf 91' lang='lat'><strong>..</strong></span> <span class='ocrx_word' id='word_1_309' title='bbox 303 3845 320 3883; x_wconf 80' lang='lat' dir='ltr'>B</span> <span class='ocrx_word' id='word_1_310' title='bbox 344 3835 447 3882; x_wconf 73' lang='lat' dir='ltr'><strong>chartas</strong></span> <span class='ocrx_word' id='word_1_311' title='bbox 473 3836 477 3890; x_wconf 96' lang='grc' dir='ltr'>Ι</span> <span class='ocrx_word' id='word_1_312' title='bbox 508 3833 558 3895; x_wconf 81' lang='lat' dir='ltr'><strong>Qni</strong></span> <span class='ocrx_word' id='word_1_313' title='bbox 575 3859 585 3868; x_wconf 96' lang='lat'>-</span> <span class='ocrx_word' id='word_1_314' title='bbox 603 3833 668 3897; x_wconf 64' lang='lat' dir='ltr'><strong>sina.</strong></span> <span class='ocrx_word' id='word_1_315' title='bbox 694 3832 723 3895; x_wconf 79' lang='lat' dir='ltr'><strong>(a</strong></span> <span class='ocrx_word' id='word_1_316' title='bbox 742 3831 796 3896; x_wconf 83' lang='lat' dir='ltr'><strong>cm)</strong></span> <span class='ocrx_word' id='word_1_317' title='bbox 819 3835 938 3898; x_wconf 72' lang='lat' dir='ltr'><strong>sequestr.</strong></span> <span class='ocrx_word' id='word_1_318' title='bbox 958 3848 984 3881; x_wconf 83' lang='lat' dir='ltr'><strong>se</strong></span> <span class='ocrx_word' id='word_1_319' title='bbox 1006 3848 1080 3880; x_wconf 84' lang='lat' dir='ltr'><strong>ernam</strong></span> <span class='ocrx_word' id='word_1_320' title='bbox 1103 3832 1132 3891; x_wconf 84' lang='lat' dir='ltr'><strong>(n</strong></span> <span class='ocrx_word' id='word_1_321' title='bbox 1154 3832 1270 3894; x_wconf 75' lang='lat' dir='ltr'><strong>separati</strong></span> <span class='ocrx_word' id='word_1_322' title='bbox 1292 3834 1350 3880; x_wconf 79' lang='lat' dir='ltr'><strong>enat</strong></span> <span class='ocrx_word' id='word_1_323' title='bbox 1371 3829 1445 3893; x_wconf 79' lang='lat' dir='ltr'><strong>ernas)</strong></span> 
     </span>
     <span class='ocr_line' id='line_1_32' title="bbox 246 3920 1445 3986; baseline -0.002 -18"><span class='ocrx_word' id='word_1_324' title='bbox 246 3948 256 3959; x_wconf 91' lang='lat'>·</span> <span class='ocrx_word' id='word_1_325' title='bbox 274 3920 375 3970; x_wconf 76' lang='lat' dir='ltr'><strong>saltatis</strong></span> <span class='ocrx_word' id='word_1_326' title='bbox 399 3937 456 3970; x_wconf 81' lang='lat' dir='ltr'><strong>cum</strong></span> <span class='ocrx_word' id='word_1_327' title='bbox 481 3934 516 3973; x_wconf 80' lang='grc' dir='ltr'><strong>ΑΒ</strong></span> <span class='ocrx_word' id='word_1_328' title='bbox 544 3956 550 3969; x_wconf 83' lang='grc'><strong>.</strong></span> <span class='ocrx_word' id='word_1_329' title='bbox 572 3956 578 3969; x_wconf 82' lang='grc'><strong>.</strong></span> <span class='ocrx_word' id='word_1_330' title='bbox 608 3935 623 3972; x_wconf 90' lang='lat' dir='ltr'><strong>c</strong></span> <span class='ocrx_word' id='word_1_331' title='bbox 647 3923 784 3986; x_wconf 78' lang='lat' dir='ltr'><strong>Postquam</strong></span> <span class='ocrx_word' id='word_1_332' title='bbox 809 3926 892 3970; x_wconf 84' lang='lat' dir='ltr'><strong>antem</strong></span> <span class='ocrx_word' id='word_1_333' title='bbox 910 3921 1033 3969; x_wconf 81' lang='lat' dir='ltr'><strong>dederant</strong></span> <span class='ocrx_word' id='word_1_334' title='bbox 1051 3920 1088 3968; x_wconf 84' lang='lat' dir='ltr'><strong>eis</strong></span> <span class='ocrx_word' id='word_1_335' title='bbox 1105 3921 1209 3968; x_wconf 75' lang='lat' dir='ltr'><strong>adar-tas</strong></span> <span class='ocrx_word' id='word_1_336' title='bbox 1227 3923 1251 3968; x_wconf 85' lang='lat' dir='ltr'><strong>et</strong></span> <span class='ocrx_word' id='word_1_337' title='bbox 1269 3922 1445 3977; x_wconf 72' lang='lat' dir='ltr'><strong>atramentaria,</strong></span> 
     </span>
     <span class='ocr_line' id='line_1_33' title="bbox 245 4001 1443 4069; baseline -0.002 -14"><span class='ocrx_word' id='word_1_338' title='bbox 245 4006 387 4055; x_wconf 79' lang='lat' dir='ltr'><strong>‹liciserant</strong></span> <span class='ocrx_word' id='word_1_339' title='bbox 409 4021 450 4055; x_wconf 81' lang='lat' dir='ltr'><strong>ece</strong></span> <span class='ocrx_word' id='word_1_340' title='bbox 473 4007 500 4053; x_wconf 82' lang='lat' dir='ltr'><strong>ia</strong></span> <span class='ocrx_word' id='word_1_341' title='bbox 522 4008 586 4069; x_wconf 66' lang='lat' dir='ltr'><strong>siaa.</strong></span> <span class='ocrx_word' id='word_1_342' title='bbox 606 4005 662 4054; x_wconf 80' lang='lat' dir='ltr'><strong>redd.</strong></span> <span class='ocrx_word' id='word_1_343' title='bbox 678 4011 682 4067; x_wconf 91' lang='grc' dir='ltr'>Ι</span> <span class='ocrx_word' id='word_1_344' title='bbox 699 4007 736 4053; x_wconf 76' lang='lat' dir='ltr'><strong>Ar</strong></span> <span class='ocrx_word' id='word_1_345' title='bbox 753 4006 797 4053; x_wconf 83' lang='lat' dir='ltr'><strong>illi</strong></span> <span class='ocrx_word' id='word_1_346' title='bbox 813 4031 823 4041; x_wconf 92' lang='lat'><strong>·</strong></span> <span class='ocrx_word' id='word_1_347' title='bbox 846 4005 874 4052; x_wconf 82' lang='lat' dir='ltr'><strong>in</strong></span> <span class='ocrx_word' id='word_1_348' title='bbox 897 4005 962 4068; x_wconf 64' lang='lat' dir='ltr'><strong>sina.</strong></span> <span class='ocrx_word' id='word_1_349' title='bbox 981 4021 1048 4068; x_wconf 83' lang='lat' dir='ltr'><strong>coep.</strong></span> <span class='ocrx_word' id='word_1_350' title='bbox 1067 4020 1118 4052; x_wconf 74' lang='lat' dir='ltr'><strong>err.</strong></span> <span class='ocrx_word' id='word_1_351' title='bbox 1139 4007 1196 4052; x_wconf 82' lang='lat' dir='ltr'><strong>tom.</strong></span> <span class='ocrx_word' id='word_1_352' title='bbox 1222 4001 1249 4063; x_wconf 78' lang='lat' dir='ltr'><strong>(a</strong></span> <span class='ocrx_word' id='word_1_353' title='bbox 1268 4019 1309 4051; x_wconf 87' lang='lat' dir='ltr'><strong>om</strong></span> <span class='ocrx_word' id='word_1_354' title='bbox 1334 4002 1360 4050; x_wconf 79' lang='lat' dir='ltr'><strong>in</strong></span> <span class='ocrx_word' id='word_1_355' title='bbox 1378 4003 1443 4066; x_wconf 64' lang='lat' dir='ltr'><strong>sisa.</strong></span> 
     </span>
     <span class='ocr_line' id='line_1_34' title="bbox 247 4089 1445 4154; baseline -0.001 -17"><span class='ocrx_word' id='word_1_356' title='bbox 247 4092 318 4152; x_wconf 85' lang='lat' dir='ltr'><strong>tom.)</strong></span> <span class='ocrx_word' id='word_1_357' title='bbox 338 4117 347 4126; x_wconf 94' lang='lat'>-</span> <span class='ocrx_word' id='word_1_358' title='bbox 370 4093 445 4139; x_wconf 71' lang='grc' dir='ltr'><strong>ΛΜ</strong></span> <span class='ocrx_word' id='word_1_359' title='bbox 465 4107 522 4139; x_wconf 83' lang='lat' dir='ltr'><strong>cam</strong></span> <span class='ocrx_word' id='word_1_360' title='bbox 543 4104 576 4141; x_wconf 78' lang='lat' dir='ltr'><strong>aa</strong></span> <span class='ocrx_word' id='word_1_361' title='bbox 597 4127 624 4139; x_wconf 92' lang='lat'><strong>..</strong></span> <span class='ocrx_word' id='word_1_362' title='bbox 646 4106 661 4141; x_wconf 78' lang='lat'><strong>(¹</strong></span> <span class='ocrx_word' id='word_1_363' title='bbox 683 4091 734 4152; x_wconf 73' lang='lat' dir='ltr'><strong>Qui</strong></span> <span class='ocrx_word' id='word_1_364' title='bbox 752 4095 886 4154; x_wconf 71' lang='lat' dir='ltr'><strong>antequanm</strong></span> <span class='ocrx_word' id='word_1_365' title='bbox 904 4091 1055 4154; x_wconf 74' lang='lat' dir='ltr'><strong>incepissent</strong></span> <span class='ocrx_word' id='word_1_366' title='bbox 1072 4090 1191 4146; x_wconf 78' lang='lat' dir='ltr'><strong>seribere,</strong></span> <span class='ocrx_word' id='word_1_367' title='bbox 1210 4089 1356 4138; x_wconf 67' lang='lat' dir='ltr'><strong>locaverant</strong></span> <span class='ocrx_word' id='word_1_368' title='bbox 1373 4089 1445 4138; x_wconf 76' lang='lat' dir='ltr'><strong>aenda</strong></span> 
     </span>
     <span class='ocr_line' id='line_1_35' title="bbox 247 4174 1443 4241; baseline -0.001 -17"><span class='ocrx_word' id='word_1_369' title='bbox 247 4194 334 4224; x_wconf 80' lang='lat' dir='ltr'><strong>rrranns</strong></span> <span class='ocrx_word' id='word_1_370' title='bbox 356 4178 462 4224; x_wconf 71' lang='lat' dir='ltr'><strong>dextras</strong></span> <span class='ocrx_word' id='word_1_371' title='bbox 484 4181 509 4224; x_wconf 85' lang='lat' dir='ltr'><strong>et</strong></span> <span class='ocrx_word' id='word_1_372' title='bbox 526 4178 649 4241; x_wconf 78' lang='lat' dir='ltr'><strong>fecerant</strong></span> <span class='ocrx_word' id='word_1_373' title='bbox 671 4176 830 4239; x_wconf 65' lang='lat' dir='ltr'><strong>siynacnlam</strong></span> <span class='ocrx_word' id='word_1_374' title='bbox 854 4175 950 4233; x_wconf 76' lang='lat' dir='ltr'><strong>erneis,</strong></span> <span class='ocrx_word' id='word_1_375' title='bbox 977 4179 1001 4223; x_wconf 81' lang='lat' dir='ltr'><strong>et</strong></span> <span class='ocrx_word' id='word_1_376' title='bbox 1023 4181 1082 4222; x_wconf 79' lang='lat' dir='ltr'><strong>tana</strong></span> <span class='ocrx_word' id='word_1_377' title='bbox 1104 4178 1238 4234; x_wconf 74' lang='lat' dir='ltr'><strong>coeperunt</strong></span> <span class='ocrx_word' id='word_1_378' title='bbox 1262 4190 1309 4222; x_wconf 86' lang='lat' dir='ltr'><strong>ser.</strong></span> <span class='ocrx_word' id='word_1_379' title='bbox 1329 4174 1356 4221; x_wconf 79' lang='lat' dir='ltr'><strong>irs</strong></span> <span class='ocrx_word' id='word_1_380' title='bbox 1378 4174 1443 4238; x_wconf 61' lang='lat' dir='ltr'><strong>sing.</strong></span> 
     </span>
     <span class='ocr_line' id='line_1_36' title="bbox 247 4252 1445 4326; baseline -0.003 -16"><span class='ocrx_word' id='word_1_381' title='bbox 247 4264 328 4311; x_wconf 82' lang='lat' dir='ltr'><strong>tomis.</strong></span> <span class='ocrx_word' id='word_1_382' title='bbox 366 4263 462 4311; x_wconf 76' lang='lat' dir='ltr'><strong>Finitis</strong></span> <span class='ocrx_word' id='word_1_383' title='bbox 484 4278 543 4311; x_wconf 84' lang='lat' dir='ltr'><strong>vere</strong></span> <span class='ocrx_word' id='word_1_384' title='bbox 561 4252 697 4326; x_wconf 79' lang='lat' dir='ltr'><strong>seriptdm&#39;r</strong></span> <span class='ocrx_word' id='word_1_385' title='bbox 716 4262 890 4310; x_wconf 72' lang='lat' dir='ltr'><strong>clamaverant</strong></span> <span class='ocrx_word' id='word_1_386' title='bbox 908 4278 925 4308; x_wconf 88' lang='lat' dir='ltr'><strong>a</strong></span> <span class='ocrx_word' id='word_1_387' title='bbox 942 4260 1006 4323; x_wconf 65' lang='lat' dir='ltr'><strong>siaa.</strong></span> <span class='ocrx_word' id='word_1_388' title='bbox 1025 4259 1110 4309; x_wconf 83' lang='lat' dir='ltr'><strong>eelial.</strong></span> <span class='ocrx_word' id='word_1_389' title='bbox 1135 4261 1214 4307; x_wconf 67' lang='lat' dir='ltr'><strong>Amen</strong></span> <span class='ocrx_word' id='word_1_390' title='bbox 1238 4257 1242 4320; x_wconf 93' lang='grc' dir='ltr'>Ι</span> <span class='ocrx_word' id='word_1_391' title='bbox 1267 4260 1381 4307; x_wconf 81' lang='lat' dir='ltr'><strong>Karinns</strong></span> <span class='ocrx_word' id='word_1_392' title='bbox 1399 4257 1445 4320; x_wconf 87' lang='lat' dir='ltr'><strong>(dc</strong></span> 
     </span>
     <span class='ocr_line' id='line_1_37' title="bbox 249 4342 1446 4411; baseline -0.004 -16"><span class='ocrx_word' id='word_1_393' title='bbox 249 4348 289 4396; x_wconf 81' lang='lat' dir='ltr'><strong>his</strong></span> <span class='ocrx_word' id='word_1_394' title='bbox 314 4348 443 4397; x_wconf 77' lang='lat' dir='ltr'><strong>nominib,</strong></span> <span class='ocrx_word' id='word_1_395' title='bbox 467 4347 528 4396; x_wconf 84' lang='lat' dir='ltr'><strong>ride</strong></span> <span class='ocrx_word' id='word_1_396' title='bbox 552 4346 643 4411; x_wconf 83' lang='lat' dir='ltr'><strong>supra)</strong></span> <span class='ocrx_word' id='word_1_397' title='bbox 671 4372 680 4382; x_wconf 97' lang='lat'>·</span> <span class='ocrx_word' id='word_1_398' title='bbox 709 4347 820 4409; x_wconf 77' lang='lat' dir='ltr'><strong>Caiphae</strong></span> <span class='ocrx_word' id='word_1_399' title='bbox 843 4360 899 4395; x_wconf 88' lang='lat' dir='ltr'><strong>curn</strong></span> <span class='ocrx_word' id='word_1_400' title='bbox 922 4358 937 4395; x_wconf 73' lang='lat' dir='ltr'><strong>a</strong></span> <span class='ocrx_word' id='word_1_401' title='bbox 967 4380 973 4394; x_wconf 89' lang='lat'><strong>.</strong></span> <span class='ocrx_word' id='word_1_402' title='bbox 999 4381 1004 4394; x_wconf 93' lang='lat'>.</span> <span class='ocrx_word' id='word_1_403' title='bbox 1035 4359 1068 4396; x_wconf 78' lang='lat' dir='ltr'><strong>sc</strong></span> <span class='ocrx_word' id='word_1_404' title='bbox 1095 4345 1161 4392; x_wconf 82' lang='lat' dir='ltr'><strong>Kar.</strong></span> <span class='ocrx_word' id='word_1_405' title='bbox 1181 4349 1205 4391; x_wconf 78' lang='lat' dir='ltr'><strong>et</strong></span> <span class='ocrx_word' id='word_1_406' title='bbox 1227 4343 1303 4392; x_wconf 71' lang='lat' dir='ltr'><strong>Iane.</strong></span> <span class='ocrx_word' id='word_1_407' title='bbox 1322 4342 1446 4392; x_wconf 69' lang='lat' dir='ltr'><strong>deamat</strong></span> 
     </span>
     <span class='ocr_line' id='line_1_38' title="bbox 247 4426 1444 4498; baseline -0.003 -16"><span class='ocrx_word' id='word_1_408' title='bbox 247 4437 402 4497; x_wconf 68' lang='lat' dir='ltr'><strong>scripturam</strong></span> <span class='ocrx_word' id='word_1_409' title='bbox 426 4435 455 4495; x_wconf 81' lang='lat' dir='ltr'><strong>(c</strong></span> <span class='ocrx_word' id='word_1_410' title='bbox 484 4450 619 4498; x_wconf 73' lang='lat' dir='ltr'><strong>porrexer.</strong></span> <span class='ocrx_word' id='word_1_411' title='bbox 643 4436 747 4482; x_wconf 73' lang='lat' dir='ltr'><strong>chartas</strong></span> <span class='ocrx_word' id='word_1_412' title='bbox 768 4432 840 4494; x_wconf 70' lang='lat' dir='ltr'><strong>mnas)</strong></span> <span class='ocrx_word' id='word_1_413' title='bbox 866 4435 957 4481; x_wconf 78' lang='lat' dir='ltr'><strong>,ianae</strong></span> <span class='ocrx_word' id='word_1_414' title='bbox 978 4436 1004 4480; x_wconf 87' lang='lat' dir='ltr'><strong>et</strong></span> <span class='ocrx_word' id='word_1_415' title='bbox 1032 4430 1060 4494; x_wconf 72' lang='lat' dir='ltr'><strong>(a</strong></span> <span class='ocrx_word' id='word_1_416' title='bbox 1083 4447 1124 4479; x_wconf 90' lang='lat' dir='ltr'><strong>om</strong></span> <span class='ocrx_word' id='word_1_417' title='bbox 1149 4433 1215 4479; x_wconf 66' lang='lat' dir='ltr'><strong>1tna.</strong></span> <span class='ocrx_word' id='word_1_418' title='bbox 1238 4429 1274 4493; x_wconf 87' lang='lat' dir='ltr'><strong>et)</strong></span> <span class='ocrx_word' id='word_1_419' title='bbox 1300 4429 1411 4492; x_wconf 69' lang='lat' dir='ltr'><strong>caiphae</strong></span> <span class='ocrx_word' id='word_1_420' title='bbox 1440 4426 1444 4494; x_wconf 87' lang='grc' dir='ltr'>Ι</span> 
     </span>
     <span class='ocr_line' id='line_1_39' title="bbox 248 4516 1444 4586; baseline -0.003 -16"><span class='ocrx_word' id='word_1_421' title='bbox 248 4527 272 4570; x_wconf 85' lang='lat' dir='ltr'><strong>et</strong></span> <span class='ocrx_word' id='word_1_422' title='bbox 291 4523 319 4583; x_wconf 82' lang='lat' dir='ltr'><strong>(c</strong></span> <span class='ocrx_word' id='word_1_423' title='bbox 337 4524 387 4586; x_wconf 80' lang='lat' dir='ltr'><strong>ipsi</strong></span> <span class='ocrx_word' id='word_1_424' title='bbox 405 4522 475 4584; x_wconf 75' lang='lat' dir='ltr'><strong>aare)</strong></span> <span class='ocrx_word' id='word_1_425' title='bbox 494 4523 573 4572; x_wconf 80' lang='lat' dir='ltr'><strong>saiat.</strong></span> <span class='ocrx_word' id='word_1_426' title='bbox 592 4524 668 4571; x_wconf 79' lang='lat' dir='ltr'><strong>invia.</strong></span> <span class='ocrx_word' id='word_1_427' title='bbox 695 4521 721 4584; x_wconf 85' lang='lat' dir='ltr'><strong>(c</strong></span> <span class='ocrx_word' id='word_1_428' title='bbox 739 4521 846 4571; x_wconf 79' lang='lat' dir='ltr'><strong>resciat.</strong></span> <span class='ocrx_word' id='word_1_429' title='bbox 868 4521 977 4570; x_wconf 82' lang='lat' dir='ltr'><strong>Iudaeos</strong></span> <span class='ocrx_word' id='word_1_430' title='bbox 1003 4519 1007 4582; x_wconf 95' lang='grc' dir='ltr'>Ι</span> <span class='ocrx_word' id='word_1_431' title='bbox 1035 4520 1113 4569; x_wconf 78' lang='lat' dir='ltr'><strong>saier.</strong></span> <span class='ocrx_word' id='word_1_432' title='bbox 1134 4523 1158 4569; x_wconf 84' lang='lat' dir='ltr'><strong>et</strong></span> <span class='ocrx_word' id='word_1_433' title='bbox 1182 4519 1210 4578; x_wconf 74' lang='lat' dir='ltr'><strong>(a</strong></span> <span class='ocrx_word' id='word_1_434' title='bbox 1229 4519 1294 4569; x_wconf 79' lang='lat' dir='ltr'><strong>haec</strong></span> <span class='ocrx_word' id='word_1_435' title='bbox 1313 4516 1368 4580; x_wconf 89' lang='lat' dir='ltr'><strong>om)</strong></span> <span class='ocrx_word' id='word_1_436' title='bbox 1390 4533 1444 4567; x_wconf 80' lang='lat' dir='ltr'><strong>res.</strong></span> 
     </span>
     <span class='ocr_line' id='line_1_40' title="bbox 248 4607 1446 4676; baseline -0.005 -15"><span class='ocrx_word' id='word_1_437' title='bbox 248 4617 305 4661; x_wconf 76' lang='lat' dir='ltr'><strong>sard</strong></span> <span class='ocrx_word' id='word_1_438' title='bbox 324 4612 353 4672; x_wconf 77' lang='lat' dir='ltr'><strong>(a</strong></span> <span class='ocrx_word' id='word_1_439' title='bbox 370 4614 513 4675; x_wconf 73' lang='lat' dir='ltr'><strong>redierrmt)</strong></span> <span class='ocrx_word' id='word_1_440' title='bbox 537 4613 572 4661; x_wconf 78' lang='lat' dir='ltr'><strong>ad</strong></span> <span class='ocrx_word' id='word_1_441' title='bbox 589 4612 709 4676; x_wconf 70' lang='lat' dir='ltr'><strong>sepalrra</strong></span> <span class='ocrx_word' id='word_1_442' title='bbox 733 4611 759 4675; x_wconf 78' lang='grc' dir='ltr'><strong>(Δ</strong></span> <span class='ocrx_word' id='word_1_443' title='bbox 779 4610 947 4673; x_wconf 56' lang='lat' dir='ltr'><strong>eremitarum)</strong></span> <span class='ocrx_word' id='word_1_444' title='bbox 966 4626 1013 4659; x_wconf 81' lang='lat' dir='ltr'><strong>srea</strong></span> <span class='ocrx_word' id='word_1_445' title='bbox 1031 4609 1059 4672; x_wconf 78' lang='lat' dir='ltr'><strong>(a</strong></span> <span class='ocrx_word' id='word_1_446' title='bbox 1078 4609 1160 4671; x_wconf 69' lang='lat' dir='ltr'><strong>marri)</strong></span> <span class='ocrx_word' id='word_1_447' title='bbox 1185 4643 1215 4658; x_wconf 88' lang='lat'><strong>..</strong></span> <span class='ocrx_word' id='word_1_448' title='bbox 1240 4621 1255 4659; x_wconf 81' lang='lat' dir='ltr'><strong>c</strong></span> <span class='ocrx_word' id='word_1_449' title='bbox 1278 4607 1446 4658; x_wconf 68' lang='lat' dir='ltr'><strong>recensendo</strong></span> 
     </span>
     <span class='ocr_line' id='line_1_41' title="bbox 248 4717 375 4766; baseline -0.008 -17"><span class='ocrx_word' id='word_1_450' title='bbox 248 4717 375 4766; x_wconf 55' lang='lat' dir='ltr'><strong>sarracena</strong></span> 
     </span>
    </p>
   </div>
   <div class='ocr_carea' id='block_1_6' title="bbox 0 0 1735 5640">
    <p class='ocr_par' dir='ltr' id='par_1_6' title="bbox 0 0 1735 5640">
     <span class='ocr_line' id='line_1_42' title="bbox 0 0 1735 5640; baseline 0 0"><span class='ocrx_word' id='word_1_451' title='bbox 0 0 1735 5640; x_wconf 95' lang='lat' dir='ltr'><strong> </strong></span> 
     </span>
    </p>
   </div>
  </div>
 </body>
</html>
