3458 5640
591 1539 1173 1641 PROLEGOMENA.
1274 1568 1308 1638 f
1452 1545 1487 1557 ”

370 1966 515 2033 Actibus
543 1964 764 2049 apostolorum
793 1963 993 2047 apocryphis
1021 1980 1125 2044 nuper
1148 1982 1169 2027 a
1190 1982 1242 2027 me
1265 1961 1362 2027 editis
1384 1982 1481 2045 prae·

284 2078 393 2144 saturo
422 2076 694 2161 proficiscendum
716 2075 805 2141 inde'
825 2081 897 2141 erat
918 2073 1005 2158 quod
1031 2073 1080 2139 illi
1104 2072 1247 2140 obscura
1268 2073 1355 2139 fama
1377 2074 1482 2158 magis

286 2210 386 2273 quarn
415 2189 486 2272 ipso
516 2189 624 2255 studio
652 2187 848 2253 interritos
871 2186 987 2254 doctos
1010 2186 1232 2251 innotuissent
1254 2184 1394 2250 necdum
1418 2207 1483 2251 ma·

284 2303 356 2367 iore
372 2306 520 2384 exparte
537 2300 617 2367 editi
633 2305 748 2367 essent.
785 2299 901 2383 Longo
923 2298 996 2382 alia,
1020 2304 1057 2364 ut
1076 2298 1142 2363 iam
1163 2304 1231 2362 tum
1248 2297 1482 2381 significabam,

285 2407 527 2496 evangeliorum
549 2412 813 2496 apocryphorum
836 2412 921 2477 ratio
945 2415 1004 2476 est.
1048 2410 1121 2476 Ista
1144 2409 1230 2474 enirn
1249 2430 1349 2492 quum
1369 2409 1481 2491 plures

284 2525 428 2591 editores
451 2546 509 2607 per
531 2525 597 2590 tria
618 2523 699 2589 haee
722 2524 855 2590 saecula
871 2523 1077 2605 invenerunt,
1100 2528 1170 2586 tum
1185 2543 1206 2586 a
1220 2519 1332 2586 multis
1350 2521 1482 2604 cognita

284 2641 431 2702 tractata
446 2636 594 2703 adhibita
611 2640 696 2701 sunt.
735 2633 853 2719 Neque
873 2635 908 2700 id
927 2635 1055 2699 mirum.
1094 2633 1128 2699 A
1142 2631 1258 2716 primis
1273 2633 1360 2699 enim
1377 2633 1481 2700 eecle-

283 2748 352 2813 siae
368 2748 579 2815 Christianae
598 2747 738 2814 s'aeculis
755 2769 852 2831 quam
869 2747 989 2812 famam
1012 2745 1209 2827 habuerunt,
1231 2766 1271 2810 ea
1292 2766 1357 2810 non
1380 2742 1487 2811 modo.

284 2858 327 2925 ad
349 2866 499 2946 tempora
521 2860 669 2946 proxime
697 2860 875 2928 subsecuta
902 2859 1048 2940 transiit,
1076 2857 1134 2925 sed
1162 2857 1261 2925 etiam
1288 2879 1348 2943 per
1376 2863 1481 2926 totam

283 2974 353 3041 fere
381 2979 524 3042 aetatem
552 2973 693 3040 mediam
720 2975 836 3058 viguit3
863 2971 950 3039 unde
973 2958 1096 3039 iactun'r
1119 2977 1170 3038 est
1191 2978 1230 3037 ut
1251 2978 1284 3038 et
1306 2993 1423 3055 graece
1447 2978 1481 3040 et

284 3088 387 3153 latine
414 3107 512 3171 saepe
535 3085 865 3169 transscriberentur,
893 3093 993 3170 atque
1016 3085 1051 3151 in
1074 3086 1196 3151 multas
1219 3107 1320 3169 quum
1344 3085 1480 3152 orientis

285 3203 355 3263 tum
378 3198 562 3265 occidentis
584 3199 714 3283 linguas
737 3203 1015 3263 converterentur.
1061 3197 1156 3282 Quae
1178 3196 1284 3262 famae
1305 3196 1481 3263 celebritas

285 3307 370 3373 hano
390 3296 545 3373 caussam
556 3308 673 3373 habuit
687 3307 774 3391 quod
795 3308 997 3390 traditiones,
1018 3289 1188 3390 inquibus
1209 3313 1282 3373 tota
1296 3314 1480 3393 versantur,

286 3417 325 3482 de
347 3417 459 3483 Maria
481 3423 514 3483 et
535 3417 672 3501 reliquis
694 3418 772 3482 Iesu
795 3417 999 3501 parentibus,
1029 3417 1107 3482 item
1135 3416 1176 3482 de
1205 3423 1280 3482 ortu
1309 3425 1408 3500 atque
1434 3419 1481 3484 in·

284 3526 389 3591 santia
403 3527 481 3593 Iesu
498 3527 604 3612 deque
623 3528 746 3592 ultimis
765 3529 834 3592 eius
857 3527 942 3607 fatis,
966 3528 1192 3593 curiositatem
1215 3527 1385 3593 hominum
1407 3533 1479 3593 tan·

285 3641 398 3721 topere
421 3638 628 3721 occupabant
650 3644 687 3703 ut
703 3639 801 3704 variis
823 3637 928 3704 modis
952 3639 1186 3720 excolerentur,
1211 3660 1267 3704 ore
1286 3638 1399 3722 populi
1420 3639 1481 3705 cir·

285 3749 539 3831 cumierrentur,
568 3749 683 3815 diebus
711 3748 806 3815 festis
833 3749 1071 3830 recitarentur,
1101 3749 1302 3815 carminibus
1331 3751 1479 3834 artisque

285 3860 441 3943 operibus
463 3860 733 3944 exprimerentur,
755 3882 862 3944 neque
884 3866 1013 3926 tantum
1036 3861 1191 3944 privatim
1215 3858 1428 3926 crederentur
1447 3867 1480 3928 et

284 3993 344 4052 pro
369 3972 455 4037 veris
478 3971 740 4053 venditarentur,
763 3994 875 4038 verum
898 3972 1013 4051 etiarn,
1038 3972 1203 4037 canonicis
1226 3972 1405 4057 evangeliis
1428 3973 1480 4038 vel

285 4081 405 4164 invitis,
427 4083 469 4147 ad
488 4083 561 4166 ipsa
579 4082 735 4148 ecclesiae
751 4087 930 4167 praecepta
945 4088 1045 4166 atque
1061 4083 1215 4147 instituta
1230 4082 1294 4146 vim
1310 4083 1479 4148 haberent.

283 4191 349 4257 His
371 4193 450 4276 ipsis
469 4193 504 4259 in
524 4193 622 4260 rebus
642 4195 750 4277 posita
765 4199 815 4260 est
830 4194 951 4259 eximia
966 4193 1128 4278 quaedam
1145 4193 1388 4278 evangeliorum
1403 4215 1480 4278 apo-

284 4305 482 4390 cryphorum
501 4307 664 4391 gravitas:
683 4306 954 4391 quemadmodum
973 4307 1059 4373 enim
1078 4329 1192 4373 eorum
1207 4313 1394 4390 temporum
1410 4306 1480 4391 qui-

283 4417 346 4484 bus
368 4419 511 4503 primum
533 4419 725 4504 prodierunt
745 4420 913 4504 ingenium
929 4420 1057 4503 docent,
1080 4423 1127 4486 ita
1150 4421 1250 4486 etiam
1272 4418 1379 4486 lucem
1402 4419 1479 4486 affe·

283 4537 362 4597 runt
382 4531 424 4597 iis
443 4553 526 4617 quae
549 4531 624 4598 inde
648 4538 738 4599 ortae
762 4537 837 4599 sunt
858 4532 979 4598 fabulis
1001 4538 1101 4618 atque
1125 4532 1337 4617 opinionibus
1356 4532 1478 4616 populi,

283 4643 363 4710 item
378 4644 537 4712 historiae
548 4644 745 4731 dogmatum,
760 4646 891 4730 rituum,
907 4646 1037 4711 artium.
1063 4646 1169 4731 Quem
1184 4645 1226 4712 ad
1241 4667 1336 4710 usum
1350 4644 1490 4724 accedit,
