3458 5640
262 590 303 654 66
464 586 795 641 Portuno-remulul
813 587 1056 640 uveuouutuu.
1084 588 1159 641 ΟΑΡ.
1178 591 1254 642 vm.

739 837 859 905 Oeuur
880 838 984 907 VIII.

352 999 363 1039 ¹
377 997 524 1065 Factum
541 1001 595 1062 est
610 1002 726 1062 autem
745 1016 821 1062 oum
837 995 956 1062 XIIII
974 1017 1082 1063 annos
1099 999 1224 1066 notatis
1241 998 1402 1085 heberet,
1424 1006 1468 1068 et.

266 1110 360 1172 esset
379 1102 516 1169 occasio
538 1121 626 1185 quae
647 1098 857 1167 Pharisaeos
880 1100 1013 1167 faceret
1034 1099 1163 1187 dicere,
1186 1104 1253 1190 ium
1275 1113 1465 1173 eonsuetu-

266 1210 380 1276 dinem
398 1207 520 1273 adosse
537 1204 701 1271 feminum
718 1206 754 1271 in
771 1206 900 1290 templo
913 1205 969 1272 dei
990 1227 1058 1272 non
1075 1229 1177 1292 posse
1188 1211 1325 1294 morari,
1343 1212 1464 1294 invon-

265 1321 338 1380 tum
358 1318 412 1378 eet
426 1310 497 1376 tulo
515 1308 700 1374 consilium
721 1316 761 1375 ut
775 1310 975 1375 mitteretur
989 1331 1115 1393 praeeo
1132 1332 1195 1395 per
1211 1333 1329 1379 omnes
1346 1313 1465 1380 tribue

264 1415 393 1497 Israel,
417 1421 457 1478 ut
481 1433 600 1478 omnes
624 1411 680 1478 die
704 1414 809 1478 tertia
831 1415 867 1477 in
890 1412 1056 1497 templum
1076 1414 1206 1479 domini
1224 1418 1464 1484 convenirent.

267 1516 353 1584 Cum
373 1521 488 1581 autem
505 1515 687 1579 universus
706 1514 858 1598 populus
879 1517 1108 1597 conuenisset,
1129 1516 1469 1586 surrexitAbiothur

264 1619 424 1705 pontifex
441 1623 476 1682 et
491 1615 652 1682 aseendit
667 1616 703 1681 in
720 1616 904 1683 altioribus
917 1617 1094 1701 gentibue,
1111 1626 1151 1683 ut
1166 1619 1207 1682 ab
1226 1622 1318 1684 omni
1329 1621 1466 1705 populo

265 1724 380 1791 audiri
396 1727 517 1805 posset
533 1727 569 1785 et
586 1718 712 1801 videri3
735 1726 770 1785 et
786 1720 877 1786 facto
895 1742 1019 1805 magno
1037 1721 1179 1786 silentio
1197 1722 1296 1788 dixit:
1326 1722 1462 1791 Audite

265 1849 330 1910 me,
349 1825 414 1889 filii
430 1823 553 1904 Israel,
571 1827 607 1887 et
622 1822 765 1887 nuribus
781 1822 952 1906 percipite
969 1822 1074 1887 verbo
1090 1843 1175 1888 rnen.
1211 1824 1264 1888 Ex
1281 1847 1348 1908 quo
1369 1827 1465 1892 aedi·

266 1930 406 1995 ficatum
418 1933 472 1992 est
480 1923 648 2008 templum
657 1923 724 1989 hoo
734 1945 754 1989 a
765 1921 962 2006 Solomone,
980 1923 1125 1989 suerunt
1139 1925 1174 1989 in
1187 1947 1227 1990 eo
1239 1925 1330 1995 filino
1343 1948 1462 2014 regum

265 2032 417 2115 virgines
439 2034 475 2094 et
494 2025 742 2111 prophetarum
765 2034 1030 2091 ot-eumrnorum
1053 2028 1274 2094 sacerdotum
1296 2037 1331 2095 et
1350 2034 1465 2114 ponti·

265 2133 384 2212 ficum;
406 2136 442 2197 et
456 2148 600 2213 magnae
624 2149 664 2193 ao
680 2128 858 2193 mirabiles
880 2129 1099 2193 exstiterunt.
1131 2129 1262 2195 Tumen
1279 2135 1464 2198 venientes

265 2340 359 2401 Ieruel,
372 2341 438 2390 utin
451 2331 547 2401 templo*
556 2338 651 2387 domini
662 2337 821 2387 conuenirent
832 2338 859 2386 in
871 2354 945 2386 unum
954 2339 1096 2403 pontifices.
1121 2337 1241 2389 Iemuero
1254 2341 1292 2390 uic
1305 2343 1408 2408 porgit:
1428 2349 1467 2394 At

266 2444 349 2480 ornnes
359 2427 471 2491 oirpinee
480 2425 585 2474 Mne-ine
597 2425 693 2490 affines,
707 2425 820 2473 timentes
831 2440 862 2472 ne
869 2429 979 2486 propter
988 2424 1186 2486 pulcritudinem
1198 2427 1251 2475 eiue
1262 2427 1358 2492 aliquio
1368 2429 1472 2479 iuuenis·

264 2517 346 2579 iprum
357 2514 494 2571 reduceret,
506 2511 638 2561 monebant
649 2511 732 2574 ipenm
743 2515 772 2560 ut
782 2512 864 2559 uirum
875 2511 1002 2573 occureret
1013 2511 1044 2560 de
1055 2511 1193 2560 maioribus
1204 2513 1297 2562 Iernel.
1325 2514 1394 2564 Iienc
1405 2516 1466 2580 ὄρεα

264 2601 417 2668 reupondene
429 2600 509 2650 utetu-
533 2598 591 2649 Non
603 2602 690 2661 poteet
705 2598 752 2648 loc
762 2597 827 2665 sieri
840 2598 906 2662 quod
916 2599 997 2648 uirum
1010 2615 1156 2664 copnoecnm
1168 2599 1208 2650 nel
1219 2601 1260 2650 uir
1272 2609 1408 2667 oopnoecnt
1417 2621 1470 2654 me.

265 2694 303 2741 At
313 2689 377 2739 illue
388 2688 508 2737 dixerunt
524 2687 549 2736 ei
554 2704 562 2733 .-
590 2685 711 2736 Ilmernue
728 2701 759 2734 ne
768 2689 877 2749 propter
891 2685 1092 2749 pulcritudinem
1104 2691 1185 2746 tunm,
1201 2688 1252 2737 nisi
1270 2691 1433 2753 copnoeocrie
1448 2708 1467 2741 a

265 2779 320 2828 niro
332 2781 357 2826 et
368 2775 482 2833 mutaris,
500 2774 632 2824 mnndum
645 2774 710 2838 quoul
722 2772 792 2822 oliae
804 2774 915 2836 uiryinee
927 2779 951 2823 te
962 2774 988 2822 in
1001 2774 1093 2836 templo
1105 2774 1199 2823 domini
1207 2776 1388 2836 praecellenter
1390 2778 1465 2842 sece-

265 2868 334 2922 runt,
347 2861 442 2926 uliquis
453 2860 550 2910 iuuenie
560 2859 682 2909 subducat
695 2864 726 2909 te.
746 2859 888 2922 Respondit
898 2860 935 2908 eie
946 2859 1018 2923 oirpo
1028 2860 1132 2908 Murio:
1144 2859 1226 2909 Deum
1234 2861 1262 2910 in
1274 2863 1393 2913 castitate
1403 2863 1466 2913 eoli-

267 2955 327 3001 turu
338 2952 364 2998 et
374 2950 526 2997 veneratum
538 2961 591 2995 eum
600 2949 732 3008 perpetuo.
757 2937 900 2994 Narn‘onte
912 2944 978 2993 Abel
995 2944 1080 2994 nullus
1095 2950 1153 2995 erut
1169 2947 1237 2995 inter
1248 2948 1358 2998 louninee
1374 2950 1469 3010 iuetue,

267 3041 293 3087 et
304 3038 358 3099 ipee
366 3048 417 3097 per
428 3032 568 3083 ottaetonn
576 3031 678 3095 placuit
689 3032 735 3080 ‹leo
741 3051 750 3089 ,·
768 3037 793 3081 et
805 3048 859 3080 cum
871 3037 935 3081 erret
947 3033 1043 3081 oouieue
1055 3034 1121 3097 quot
1133 3032 1225 3095 (occis.
1239 3035 1271 3083 eb
1286 3050 1317 3086 eo
1331 3035 1407 3100 quit)
1420 3037 1466 3087 (lo-

267 3123 333 3173 mino
345 3118 492 3183 diepliouit,
508 3119 573 3168 dune
589 3133 696 3167 coronae
708 3118 806 3180 occepit
821 3134 838 3164 α
850 3118 962 3175 domino,
981 3118 1117 3167 oblationis
1134 3124 1159 3168 et
1170 3121 1341 3184 oirpinitntie,
1361 3124 1422 3186 quia
1440 3124 1467 3172 in

269 3224 345 3259 carne
356 3222 404 3257 euu
411 3204 578 3269 pollutionem
589 3204 721 3269 nonseeit,
734 3204 794 3267 quio
806 3204 833 3251 in
844 3205 992 3267 oirpinitote
1005 3205 1139 3254 muetodicit
1151 3222 1213 3254 eum.
1238 3207 1296 3270 Epo
1309 3207 1341 3256 nl
1352 3209 1468 3273 irusnutia

268 3310 324 3345 men
340 3293 513 3356 oirpinitotem
529 3306 608 3340 meum
625 3291 671 3339 deo
688 3288 767 3338 obtuli
786 3285 839 3352 [et]
856 3290 882 3337 in
899 3290 975 3339 corde
992 3307 1044 3340 meo
1062 3293 1143 3340 etatui
1157 3296 1186 3340 ut
1202 3293 1284 3341 uirum
1297 3295 1403 3355 penitus
1416 3312 1468 3344 non

269 3393 423 3445 eopnoecnm.
446 3377 566 3426 lemvero
586 3379 736 3439 ueqouutur
754 3374 832 3423 hooc:
857 3374 961 3423 Interea
979 3392 1033 3424 eune
1049 3378 1180 3425 uniocueue
1189 3378 1302 3440 populun
1313 3381 1469 3430 conuenieeet

270 3472 322 3524 eto,
337 3464 369 3514 de
383 3463 478 3527 quibus
491 3461 552 3510 uide
565 3461 636 3510 infre
648 3459 682 3508 ed
695 3474 752 3523 cup.
766 3459 840 3508 VIII.

340 3546 415 3602 VIII,
435 3548 458 3594 1.
483 3561 537 3593 mm
549 3544 701 3605 X1111(n1›
713 3542 853 3605 duodecino)
866 3559 924 3591 nnn.
943 3548 992 3593 aet.
1011 3545 1114 3592 toleret
1130 3550 1161 3593 ut
1174 3557 1244 3605 enm
1264 3558 1297 3594 on
1314 3552 1342 3596 ut
1359 3553 1469 3610 quarm

270 3633 380 3682 decimue
395 3645 476 3679 cunm
493 3645 547 3678 eum
565 3629 692 3688 exciperet
704 3628 731 3689 (c
744 3642 802 3674 nnn.
820 3629 915 3675 aetutie
925 3628 949 3675 ei
967 3627 1108 3690 accederet)
1127 3625 1131 3692 Ι
1151 3633 1176 3677 et
1195 3629 1225 3691 (Δ
1238 3630 1291 3678 edd
1303 3629 1360 3691 noc)
1380 3638 1445 3682 met
1457 3658 1467 3668 ·

270 3719 355 3767 dicere
367 3719 399 3766 ut
408 3729 458 3775 ης
472 3725 488 3764 o
500 3719 526 3764 et
537 3718 601 3764 eeeet
613 3713 712 3762 occasio
724 3728 774 3775 quo
782 3712 919 3761 Pharisaei
927 3712 1054 3769 dicerent3
1066 3727 1085 3761 o
1098 3717 1123 3762 et
1134 3715 1280 3778 eeeetsuma
1293 3717 1353 3779 quin
1362 3717 1468 3768 Ploeie.

270 3805 390 3854 dicerunt
403 3798 408 3868 Ι
421 3803 472 3851 ium
482 3799 681 3850 coneuetuulinem
694 3824 703 3834 ·
715 3798 813 3847 morari
824 3803 855 3847 ut
866 3811 925 3857 ou
939 3798 991 3846 ium
1001 3814 1066 3847 cone.
1077 3799 1164 3848 udeeue
1177 3797 1383 3866 [quod]femino
1393 3803 1420 3853 in
1434 3808 1467 3854 te.

271 3891 313 3940 dei
330 3888 401 3939 illiue
412 3887 506 3937 netolic
517 3901 566 3935 non
575 3885 657 3949 poeeit
667 3884 765 3934 morari
769 3904 777 3939 ,·
795 3897 812 3932 rr
830 3885 881 3932 iam
894 3899 945 3945 pro
957 3885 1133 3934 comuetudine
1143 3886 1258 3950 feminea
1276 3888 1303 3936 in
1321 3888 1414 3950 templo
1425 3890 1470 3940 dei

272 3976 346 4027 illam
356 3974 453 4024 morari
464 3989 513 4023 non
522 3987 611 4035 poree,
633 3983 649 4020 ο
661 3971 712 4019 inm
721 3985 773 4033 pro
785 3969 928 4019 consuetud.
939 3970 1064 4033 seminum
1082 3972 1109 4020 in
1127 3971 1210 4034 templ.
1224 3988 1300 4022 orare
1311 3989 1361 4023 non
1369 3989 1448 4038 poree
1460 3973 1467 4043 Ι

273 4064 490 4113 temnuntur
502 4070 582 4117 Boon,
597 4057 644 4108 eud
657 4068 690 4106 on
703 4071 792 4120 preem
806 4061 843 4112 etr
862 4070 878 4104 u
891 4056 1018 4104 inuenitur
1031 4053 1035 4121 Ι
1048 4057 1206 4106 mitteretur:
1221 4071 1256 4107 un
1269 4060 1388 4109 mittatur
1401 4059 1406 4127 Ι
1416 4077 1470 4125 per

273 4163 369 4198 omnes:
387 4157 403 4194 o
413 4160 463 4208 per
475 4149 543 4193 totae
556 4140 560 4210 Ι
574 4147 602 4192 ut
612 4141 640 4202 (ιι
653 4141 689 4204 et)
706 4157 771 4192 omn.
784 4142 825 4190 die
838 4142 916 4190 tertio
930 4141 960 4203 (o
972 4145 1077 4197 octavu·
1095 4155 1113 4190 u
1126 4144 1205 4191 metio
1216 4143 1319 4206 comen)
1337 4145 1364 4192 in
1377 4144 1406 4208 (e
1419 4147 1468 4210 aa)

273 4239 316 4283 otc
329 4228 334 4294 Ι
350 4245 367 4280 Δ
386 4231 419 4280 Ut
431 4235 514 4280 autem
526 4254 535 4264 ·
549 4232 699 4277 conuenerat
712 4223 716 4292 Ι
731 4227 875 4275 Aliatlnr:
887 4227 927 4276 ite
940 4241 956 4274 Δ
971 4226 1127 4290 (Alpntlunr)
1138 4239 1168 4287 c;
1184 4242 1203 4276 1>
1215 4229 1336 4294 Alyoour
1347 4228 1388 4278 nel
1403 4230 1469 4281 ἵη-

273 4334 327 4375 cnr,
340 4329 357 4363 rr
370 4317 471 4373 Ieucor,
484 4328 500 4362 rr
513 4314 622 4362 leuetur
635 4311 639 4378 Ι
653 4315 680 4362 in
693 4313 828 4362 altioribus
837 4313 914 4375 prad.
928 4327 985 4360 uum
996 4325 1047 4370 ους
1060 4326 1096 4361 eu
1107 4314 1134 4360 in
1147 4312 1264 4362 altiorem
1274 4315 1398 4377 prudumr
1411 4328 1429 4363 e
1440 4317 1471 4365 in

273 4401 431 4451 eminentiori
441 4400 526 4464 pratu
540 4397 544 4465 Ι
559 4412 575 4447 e
588 4400 627 4448 itu
638 4403 667 4447 ut
681 4396 684 4464 Ι
699 4397 786 4447 audiri
793 4402 881 4459 poeeet
893 4398 920 4457 (o
930 4398 1067 4458 potuisset)
1079 4402 1104 4446 et
1116 4398 1166 4446 eid.
1181 4397 1209 4459 (e
1223 4403 1249 4447 et
1256 4399 1307 4447 uid.
1313 4399 1397 4463 poue.)
1408 4416 1468 4450 cum

273 4500 360 4546 neem
373 4500 390 4535 u
403 4491 428 4535 et
439 4487 490 4535 niul.
504 4491 529 4534 et
540 4485 599 4534 oud.
609 4486 734 4548 potuieeet
747 4481 751 4550 Ι
765 4485 912 4549 usnctopne
926 4482 929 4547 Ι
944 4484 1020 4532 nerlu
1032 4500 1099 4532 iuno.-
1110 4495 1128 4532 Β
1140 4484 1193 4533 edd
1204 4500 1267 4549 quoe
1279 4485 1370 4549 loquor
1381 4486 1416 4535 ud
1424 4503 1471 4536 uoe

275 4572 279 4640 Ι
293 4586 310 4623 n
323 4573 391 4623 ietuel
404 4571 489 4637 templ.
507 4567 511 4632 Ι
532 4584 549 4620 Β
562 4571 646 4634 templ.
665 4573 711 4621 luoo
728 4586 746 4620 o
758 4570 882 4619 salemone
894 4571 955 4634 edis.
969 4575 1006 4619 eet
1026 4567 1029 4635 Ι
1050 4583 1066 4617 11
1079 4570 1159 4619 LXX
1164 4573 1276 4636 suerunt
1288 4573 1314 4620 in
1326 4588 1354 4622 eo
1374 4569 1378 4639 Ι
1389 4573 1471 4639 slliue

273 4676 325 4724 rep.
336 4659 428 4722 cirpin.
439 4658 468 4722 (c
477 4673 530 4722 rep.
539 4658 614 4722 nimpi.
620 4657 685 4724 suli,
698 4670 776 4722 irrep.
782 4656 826 4723 fll.
838 4658 896 4706 sine
905 4659 982 4720 vir-p.)
993 4661 1018 4706 et
1028 4655 1057 4718 (Δ
1068 4656 1120 4705 edd
1126 4655 1216 4722 filine)
1223 4658 1315 4720 propt.
1331 4655 1336 4723 Ι
1347 4674 1471 4722 unnpnuee

272 4760 407 4797 neminemne
420 4743 425 4811 Ι
442 4745 533 4795 Poimen
541 4746 667 4795 uenientes
676 4750 707 4794 ut
717 4757 765 4805 οκς
779 4743 917 4806 Io(1ui)ut
927 4748 1183 4806 auternperoeneuunt
1193 4743 1224 4805 (1)
1234 4746 1366 4806 uenerunt)
1381 4743 1386 4810 Ι
1400 4747 1476 4794 circe
