3458 5640
518 593 752 644 nvsxcnmou
770 592 963 644 rnrsnmxa
981 590 1174 643 sesamum.
1202 574 1304 643 xvrn.
1452 588 1513 653 189

313 749 409 810 runt:
433 743 578 809 Nullum
595 748 650 808 est
666 741 811 807 dubium
828 741 914 825 quin
924 740 1097 825 Iosephus
1115 740 1275 808 etMaria
1291 745 1326 806 et
1341 761 1430 824 puer
1445 740 1512 808 iste

313 849 362 914 dii
379 849 463 931 sint,
488 869 557 913 non
573 846 743 913 hominos.
776 843 863 912 (lum
879 867 958 912 vero
977 845 1170 912 discessum
1186 844 1229 912 ab
1247 845 1320 911 illis
1336 850 1512 930 pararent,

313 952 430 1038 puella
450 952 520 1018 ista
535 972 624 1036 quae
642 951 741 1035 lepra
755 950 975 1015 laboraverat
995 948 1039 1015 ad
1063 970 1122 1017 eos
1144 949 1294 1016 accessit
1313 971 1443 1034 eosque
1461 973 1514 1018 ro-

313 1058 405 1141 gavit
420 1062 459 1122 ut
475 1077 511 1123 se
530 1055 691 1122 comitem
707 1053 942 1120 adsumerent.

768 1290 889 1357 Oxnur
911 1290 1053 1359 XVIII.

397 1463 477 1529 Hoc
500 1483 577 1526 cum
597 1461 738 1544 puellae
760 1461 982 1543 annuissent,
1009 1484 1087 1527 cum
1112 1461 1156 1526 iis
1178 1460 1276 1526 abiit.
1320 1462 1452 1529 Postea
1472 1463 1511 1529 in

312 1566 433 1632 urbem
455 1569 691 1648 pervenerunt
712 1564 835 1649 inqua
854 1586 914 1630 arx
937 1571 1012 1631 erat
1033 1564 1220 1630 clarissimi
1241 1564 1427 1649 principis,
1451 1567 1513 1650 qui

313 1670 418 1736 aedes
430 1667 647 1751 excipiendis
659 1667 857 1752 hospitibus
869 1667 1030 1733 habebat.
1052 1666 1514 1754 Hucdeverterunt;puella

314 1783 429 1842 autem
451 1774 540 1839 abiit
561 1779 597 1839 ot
618 1772 662 1839 ad
684 1795 827 1839 uxorem
842 1775 1013 1858 principis
1036 1774 1195 1854 intravit;
1219 1795 1321 1856 quam
1338 1795 1415 1839 cum
1431 1773 1514 1840 flen-

313 1886 383 1944 tom
404 1884 440 1943 et
455 1879 591 1943 tristem
608 1879 812 1962 reperisset,
835 1899 992 1944 caussam
1013 1878 1116 1944 fletus
1140 1877 1319 1944 sciscitata
1336 1883 1399 1943 est.
1429 1877 1514 1945 Noli

314 1982 446 2063 mirari,
477 1981 594 2065 inquit
617 1980 695 2062 illa,
721 1981 840 2046 fletum
864 2003 992 2046 meum:
1026 2002 1151 2064 magna
1176 1983 1268 2046 enirn
1293 1979 1514 2065 aegritudine

315 2105 462 2167 premor,
481 2105 582 2168 quam
599 2081 811 2148 adhucnulli
822 2083 1002 2148 hominum
1020 2082 1137 2166 eloqui
1148 2082 1312 2148 sustinui.
1335 2082 1514 2162 Fortasse,

316 2188 366 2252 ait
381 2185 514 2271 puella,
536 2186 565 2250 ai
582 2184 666 2249 mihi
688 2183 783 2249 illam
799 2185 1080 2251 manifestaveris
1103 2191 1139 2251 et
1155 2184 1345 2267 detexeris,
1368 2185 1443 2252 eius
1465 2205 1516 2251 re·

315 2289 466 2358 modium
488 2288 634 2356 habebo.
675 2286 760 2354 Gela
782 2288 904 2376 igitur,
926 2288 1111 2374 respondit
1133 2311 1220 2356 uxor
1240 2288 1427 2374 principis,
1449 2287 1515 2355 hoc

316 2402 487 2463 secretum
513 2415 577 2460 nec
602 2394 764 2478 cuiquam
790 2394 968 2478 eloquere.
1008 2393 1084 2478 Ego
1110 2397 1221 2477 nupta
1245 2392 1327 2459 huic
1350 2392 1514 2479 principi,

316 2501 375 2585 qui
395 2521 455 2565 rex
477 2503 531 2564 est
552 2498 721 2582 cuiusque
746 2498 782 2562 in
806 2498 939 2563 ditione
963 2497 1092 2563 multae
1117 2495 1221 2563 urbes
1239 2503 1336 2582 suut,
1359 2497 1419 2564 diu
1436 2518 1515 2564 curn

315 2604 443 2686 eovixi,
462 2602 523 2669 sed
540 2601 675 2668 nullum
695 2624 737 2668 ex
752 2624 806 2668 me
824 2602 933 2668 filium
952 2603 1117 2687 suscepit.
1143 2599 1231 2668 Cum
1247 2601 1388 2669 tandem
1404 2600 1514 2668 filium

316 2731 356 2774 ex
377 2729 417 2773 co
434 2707 665 2791 peperissem,
688 2707 849 2790 leprosus
867 2707 949 2786 luit,
974 2728 1075 2791 quom
1097 2706 1158 2773 ille
1176 2712 1402 2791 conspectum
1422 2728 1516 2773 aver·

315 2817 409 2878 satus
427 2817 489 2893 est,
506 2810 678 2895 mihique,
705 2809 790 2893 Aut,
809 2812 868 2894 ait,
886 2811 978 2876 hunc
995 2811 1164 2893 interfice,
1181 2816 1243 2876 aut
1258 2811 1387 2876 nutrici
1402 2809 1512 2894 trade,

315 2936 403 3000 quae
429 2937 507 2980 eum
532 2915 651 3000 aliquo
678 2916 712 2981 in
739 2916 816 2983 loco
839 2915 966 2983 educet
991 2915 1084 2982 unde
1112 2914 1210 2981 nulla
1236 2914 1376 2983 omnino
1404 2914 1446 2981 de
1473 2935 1513 2981 eo

314 3020 441 3086 notitia
457 3027 621 3106 emergat.
645 3020 735 3086 Mihi
746 3043 825 3087 vero
842 3022 911 3087 iam
929 3020 1017 3087 nihil
1034 3026 1149 3088 tecum
1165 3026 1220 3087 est
1230 3042 1343 3106 neque
1361 3039 1515 3104 uuquam

313 3124 459 3209 posthac
475 3131 509 3190 te
521 3124 656 3190 videbo.
680 3125 776 3190 Hinc
788 3125 927 3192 consilii
945 3147 1067 3210 expers
1084 3147 1159 3191 sum
1177 3130 1212 3192 et
1227 3145 1384 3190 moerore
1402 3122 1517 3208 oppri·
1578 3171 1585 3183 .

315 3250 397 3294 mor.
429 3228 511 3294 Heu
534 3228 643 3294 filium
664 3251 794 3312 meum,
816 3229 884 3295 heu
907 3230 1101 3314 coniugem.
1135 3229 1267 3295 Dixine
1289 3225 1378 3294 tibi?
1399 3226 1516 3311 inquit

314 3331 441 3414 puella,
459 3331 578 3397 morbo
591 3337 650 3397 tuo
662 3331 871 3397 medicinam
882 3333 1008 3415 reperi,
1026 3353 1129 3415 quam
1145 3330 1210 3396 tibi
1227 3330 1402 3397 indicabo.
1425 3328 1515 3395 Nam

315 3457 377 3519 cgo
396 3455 534 3518 quoque
552 3432 692 3517 leprosa
707 3433 774 3515 fui,
797 3432 859 3498 sed
881 3432 1061 3498 mundavit
1076 3455 1130 3498 me
1148 3432 1234 3498 deus
1252 3433 1312 3517 qui
1334 3437 1388 3498 est
1402 3431 1514 3514 Iesus,

315 3537 407 3603 filius
430 3538 591 3604 dominae
614 3537 759 3603 Mariae.
803 3536 963 3620 Rogante
988 3541 1105 3602 autem
1127 3536 1273 3602 muliere
1297 3536 1439 3602 ubinam
1459 3534 1515 3601 hic

315 3648 409 3708 esset
430 3640 516 3707 deus
538 3662 641 3726 quem
662 3640 906 3727 illassdixisset,
932 3639 1002 3706 Hic
1024 3647 1155 3722 tecum,
1183 3639 1301 3725 inquit
1322 3639 1455 3725 puella,
1479 3638 1514 3706 in

316 3746 435 3812 eadem
446 3745 548 3810 domo
559 3751 727 3810 versatur.
751 3741 802 3810 At
818 3767 887 3828 qua
903 3746 1039 3811 ratione
1057 3745 1123 3810 boc
1141 3745 1217 3811 fieri
1233 3750 1360 3829 potest,
1378 3744 1428 3809 ait
1443 3742 1515 3827 illa,

315 3848 456 3914 ubinam
478 3845 555 3914 est?
589 3848 699 3929 Ecce,
723 3847 908 3932 respondit
926 3847 1060 3932 puella,
1084 3847 1273 3932 Iosephum
1297 3853 1333 3912 et
1352 3846 1514 3928 Mariam;

315 3952 430 4017 infans
446 3972 526 4016 vero
544 3951 604 4034 qui
622 3972 699 4016 cum
721 3950 792 4015 illis
816 3955 883 4032 est,
905 3950 1007 4016 Iesus
1024 3957 1182 4033 vocatur,
1204 3956 1309 4034 atque
1332 3950 1362 4015 is
1385 3949 1515 4034 estqui

315 4076 367 4120 me
384 4076 405 4121 a
419 4054 539 4120 morbo
556 4075 632 4118 meo
653 4060 689 4118 et
705 4055 863 4120 cruciatu
879 4056 1023 4120 sanavit.
1055 4051 1107 4120 At
1123 4076 1192 4138 qua
1207 4057 1355 4137 ratione,
1378 4055 1428 4120 ait
1442 4053 1513 4138 illa,

317 4163 438 4223 sanata
453 4179 490 4223 es
510 4179 531 4221 a
545 4156 644 4240 lepra
659 4156 743 4222 tua?
765 4179 880 4223 nonne
902 4158 938 4222 id
955 4158 1039 4221 mihi
1060 4155 1257 4223 indicabis?
1290 4154 1445 4239 Quidni?
1465 4157 1515 4222 in·

317 4257 394 4344 q'nit
412 4259 544 4345 puella:
575 4281 700 4344 aquam
727 4283 796 4345 qua
820 4261 930 4327 lotum
955 4261 1072 4327 fuerat
1096 4282 1222 4345 corpus
1249 4259 1325 4326 eius
1350 4259 1471 4344 accepi
1494 4280 1516 4326 a

384 4509 481 4560 XVIII.
500 4510 544 4577 qui
555 4510 631 4561 aeder
643 4511 798 4577 excipiendis
811 4537 819 4547 ·
833 4537 842 4547 ·
854 4510 974 4561 babebat:
987 4510 1027 4560 its
1040 4511 1078 4560 11‘1.
1103 4509 1180 4575 Apud
1194 4509 1250 4560 Sik.
1265 4513 1293 4560 ot
1305 4509 1375 4560 Thil.
1390 4515 1432 4560 est
1444 4509 1514 4560 ouius

317 4598 385 4648 houd
394 4598 485 4661 proed
502 4615 520 4648 o
531 4599 672 4649 diversorio
685 4599 760 4649 aedes
771 4602 847 4648 nont

386 4685 455 4734 ffmo
464 4686 565 4736 consilii
575 4700 666 4752 expers
679 4711 687 4722 ·
698 4711 707 4722 ·
717 4687 862 4752 opprbuor:
873 4686 914 4736 its
924 4686 977 4745 ΕΜ
992 4683 1047 4736 sik.
1062 4689 1090 4735 st
1099 4684 1170 4735 'l'bih
1184 4684 1277 4750 ltaque
1288 4698 1424 4735 moerorem
1435 4699 1514 4735 mss

317 4774 344 4820 et
355 4770 517 4821 conditionem
528 4773 644 4822 miseram
656 4771 795 4835 dephrrons
806 4773 925 4822 contabui
