3458 5640
683 573 955 625 PROIAEGOMBNA.
1333 591 1426 637 mn

230 728 492 814 apocryphorum
509 724 662 791 somniis“
679 723 718 790 de
734 744 813 790 nece
823 721 1006 790 Zachariae
1022 722 1128 806 patris
1138 721 1300 788 Iohannis
1316 722 1425 789 crede·

230 843 357 908 bantur.
389 839 442 906 Ac
456 839 547 904 brevi
564 843 639 921 post
654 836 896 920 Hieronymum
911 834 1178 902 Innocentius
1193 834 1222 901 I.
1238 835 1272 901 in
1288 834 1427 919 epistola

230 954 271 1020 ad
288 953 511 1037 Exsuperium
530 950 609 1016 data
627 971 714 1015 enno
736 971 766 1033 p.
782 948 860 1016 Chr.
875 952 948 1015 405.
967 949 1015 1013 ita
1033 948 1148 1013 scribit
1155 949 1180 1032 ¹)
1206 949 1311 1014 Cetera
1326 961 1425 1014 auem

230 1091 307 1154 quae
333 1068 381 1129 vel
405 1067 459 1129 sah
487 1068 605 1128 momine
628 1062 781 1127 Matthiae
810 1062 865 1143 (al.
889 1060 1055 1142 Martiano)
1083 1065 1144 1124 sive
1172 1061 1277 1125 Iacchi
1303 1066 1426 1126 minoris

231 1181 277 1242 vel
300 1181 354 1241 eat
382 1180 500 1240 nornine
522 1179 613 1239 Petri
637 1185 666 1239 et
692 1175 851 1252 Iohannis,
880 1171 957 1257 preire
979 1197 999 1235 a
1021 1175 1152 1257 modam
1174 1173 1285 1236 Leucis
1311 1177 1426 1258 scriptia

229 1300 312 1367 sant,
339 1289 387 1350 vel
406 1288 460 1351 arrh
482 1291 600 1349 nomiae
623 1287 777 1364 Andreae,
807 1307 884 1369 qrrae
905 1309 925 1346 a
949 1284 1161 1346 Neeocharide
1187 1284 1242 1362 (al.
1266 1285 1426 1347 Xenocles·

231 1402 307 1480 ride)
331 1410 360 1461 ct
380 1398 518 1460 Leonida
535 1397 722 1482 pbibsophie
746 1392 800 1477 (al.
823 1415 874 1458 orn
897 1396 946 1456 ecl
970 1416 994 1456 r.
1017 1416 1047 1456 n.
1069 1395 1211 1458 Andreae
1233 1414 1338 1475 usquc
1356 1394 1425 1477 plci-

232 1511 307 1592 los.),
329 1511 376 1573 vel
394 1511 449 1572 ereb
472 1512 591 1571 nomiae
610 1509 754 1586 Thomae,
777 1516 807 1569 et
825 1509 854 1568 si
872 1528 932 1590 qao
954 1515 1025 1568 arnt
1045 1505 1118 1584 alia,
1141 1525 1201 1568 noa
1221 1506 1317 1567 solum
1338 1527 1425 1589 repa-

231 1623 344 1686 diendo
380 1643 483 1685 omum
514 1623 603 1683 etiam
635 1622 750 1682 noeais
780 1641 841 1681 esse
871 1618 1056 1680 damnanda.
1116 1614 1244 1701 Quibus
1275 1595 1315 1679 erl
1345 1615 1426 1681 locis

231 1737 370 1819 apparet
401 1737 435 1798 et
464 1731 705 1816 Hieronymum
736 1734 770 1795 et
800 1728 1068 1811 Innocentiumi)
1100 1726 1334 1793 traditionibus
1365 1727 1425 1793 sub

230 1847 360 1912 nomine
390 1844 505 1910 Iacobi
536 1843 714 1908 venditatis
744 1841 849 1908 libere
880 1840 1072 1907 adversatos
1105 1861 1184 1906 esse.
1237 1839 1425 1905 Postrero

232 1957 317 2022 haud
348 1956 447 2040 pauci
477 1954 611 2019 fuerunt
638 1954 695 2036 qui
724 1953 823 2018 aliter
850 1954 1021 2017 sentirent.
1064 1952 1120 2016 Ita
1148 1953 1214 2016 iam
1242 1957 1335 2017 sexto
1358 1952 1426 2016 fere

233 2067 362 2134 saeculo
395 2072 536 2133 auctor
563 2065 697 2148 operis
726 2063 958 2147 imperfecti
989 2063 1027 2127 in
1055 2061 1304 2128 Matthaeum
1335 2067 1425 2144 prot·

232 2177 434 2262 evangelium
456 2176 580 2242 -hoc
608 2176 694 2241 enim
721 2175 763 2241 ab
792 2196 830 2241 eo
859 2173 1042 2259 significari
1070 2174 1195 2255 clarum
1219 2180 1269 2239 est
1291 2211 1332 2222 -
1355 2172 1425 2257 „hi-

232 2291 365 2357 storiam
390 2311 453 2356 non
476 2287 704 2355 incredibilem
726 2308 834 2372 neque
857 2286 1137 2356 irracionabilem
1159 2285 1286 2369 diciti).

314 2408 480 2478 Videntur
506 2415 616 2475 autem
643 2407 759 2475 Latini
787 2430 854 2474 non
882 2407 937 2474 diu
966 2409 1000 2474 in
1027 2403 1276 2492 interpretando
1307 2427 1424 2492 graeco

230 2521 342 2588 Iacobi
370 2522 453 2588 libro
480 2523 698 2607 acquievisse,
730 2521 787 2589 sed
815 2520 945 2588 fabulas
973 2521 1021 2587 ibi
1048 2521 1187 2587 traditas
1209 2521 1300 2586 vario
1328 2518 1424 2587 modo

231 2636 457 2717 excoluerunt,
490 2657 563 2700 cum
591 2635 665 2700 ahie
693 2634 856 2700 similibus
883 2635 951 2699 sive
978 2656 1018 2699 ex
1049 2654 1167 2717 graeco
1195 2632 1263 2698 sive
1291 2655 1330 2697 ex
1358 2633 1424 2698 alio

230 2744 319 2810 sonte
347 2745 476 2811 haustis
503 2747 710 2830 maximeque
741 2767 814 2811 cum
841 2744 961 2810 fabulis
983 2744 1283 2811 Pseudo-Thomas
1311 2743 1351 2809 de
1375 2744 1424 2808 in-

229 2857 335 2923 sontia
355 2857 480 2925 Christi
502 2859 743 2925 coniunxerunt
765 2864 865 2943 atque
887 2856 922 2922 in
943 2878 1029 2923 nova
1052 2861 1236 2923 commenta
1259 2862 1423 2922 converta-

318 3101 342 3166 1)
361 3103 402 3154 Cf.
421 3104 545 3155 Galland.
565 3105 630 3155 bibl.
648 3121 693 3170 pp.
706 3104 781 3154 VIII.
802 3120 827 3169 p.
840 3104 899 3155 tol.
935 3104 1020 3154 hocne
1039 3105 1133 3154 estad
1151 3104 1234 3154 finem
1252 3105 1392 3169 epistolae.

256 3226 262 3244 .
315 3184 340 3251 ι)
359 3189 567 3254 Augustinus
586 3189 693 3254 quidem
714 3205 772 3253 cap.
789 3189 834 3240 IX.
852 3190 915 3240 libri
933 3189 1031 3239 XXIII.
1051 3193 1141 3239 eontra
1159 3190 1294 3247 Faustam,
1316 3189 1362 3239 ubi
1381 3204 1423 3240 ex·

232 3272 310 3336 pouit
327 3272 360 3322 de
379 3273 447 3322 libro
465 3272 631 3323 Manichaais
650 3273 785 3337 probato,¹
799 3274 844 3338 qui
864 3273 888 3322 Γ
889 3269 962 3340 cippo
982 3268 1099 3336 Μαρῖασ
1117 3273 1326 3331 inscribebatur,
1349 3277 1422 3338 prot-

231 3357 396 3421 erangelium
416 3358 539 3420 ignorare
559 3358 671 3407 ridetur.
708 3359 749 3407 Ibi
769 3360 839 3408 enim
858 3360 905 3409 ille
924 3361 975 3408 sie:
1003 3360 1056 3421 ipse
1074 3375 1133 3408 aero
1151 3360 1283 3408 corwircat
1302 3375 1351 3409 eoa
1369 3376 1423 3408 eam

230 3441 260 3504 (i.
275 3458 297 3491 e.
313 3441 436 3504 Mariam)
451 3443 607 3506 pertinuisse
624 3444 659 3491 ad
676 3460 756 3493 sesnes
768 3444 865 3502 David,
883 3448 908 3493 et
924 3446 970 3493 too
988 3445 1105 3493 oeuadat
1118 3460 1168 3493 aar
1186 3460 1216 3493 ee
1234 3445 1424 3508 quibuscamque

228 3528 336 3584 littera,
359 3528 403 3576 sed
421 3528 601 3578 ecciesiasticis
618 3531 746 3579 canonicis
764 3530 905 3581 catholicis.
943 3531 1021 3579 Aliae
1039 3531 1130 3595 quippe
1148 3547 1197 3579 aare
1213 3530 1305 3579 babeat
1322 3532 1357 3580 ad
1373 3532 1421 3580 leae

228 3612 368 3662 recellere
382 3613 484 3677 pordes
503 3616 681 3665 auctoritatis:
706 3618 777 3678 ipsae
795 3621 852 3666 sset
869 3618 935 3665 erim
952 3632 1016 3680 qaas
1032 3616 1124 3680 recipit
1141 3621 1167 3666 et
1184 3619 1251 3666 teset
1267 3616 1422 3668 rochetam.

229 3699 269 3747 Ac
282 3713 332 3762 per
349 3699 396 3747 lsoc
413 3697 480 3746 illud
498 3699 564 3763 qaod
582 3699 614 3748 de
627 3702 792 3764 peremtione
809 3701 914 3751 Mariae
933 3702 1042 3752 Faustae
1055 3703 1156 3767 possit,
1179 3703 1244 3767 qaod
1258 3707 1361 3766 patrem
1378 3705 1422 3753 lsa-

230 3785 312 3835 taerit
334 3801 365 3834 ea
388 3785 455 3834 triba
474 3785 537 3836 Levi
557 3789 712 3838 sacerdotem
730 3789 852 3853 wedam
869 3789 967 3838 romine
984 3789 1108 3847 Ioactiers,
1133 3789 1193 3853 qaia
1211 3790 1357 3840 canonicam
1373 3807 1422 3841 rsors

227 3876 273 3930 est,
291 3887 341 3921 roa
358 3886 396 3919 me
414 3872 579 3934 eommsps't5
604 3873 648 3921 sed
664 3872 742 3922 etiarn
759 3874 782 3922 ei
799 3875 845 3923 Iscc
863 3873 1001 3933 credereris,
1025 3873 1107 3937 ipsam
1121 3874 1209 3938 potiar
1226 3874 1339 3925 Ioactim
1356 3873 1423 3925 dice·

227 3973 279 4004 rem
298 3957 474 4020 aliquomodo
493 3958 528 4005 ad
547 3957 634 4006 Dauid
652 3963 797 4022 conperirem
810 3959 966 4021 pertinuisse
983 3963 1008 4008 et
1026 3958 1112 4023 aliquo
1129 3961 1202 4009 modo
1220 3977 1251 4008 ee
1269 3960 1336 4009 trito
1355 3961 1424 4009 Iuda

228 4041 254 4088 irs
272 4041 364 4089 tritam
381 4041 444 4097 Leoi
453 4042 541 4106 fuisse
559 4043 716 4107 adoptatam.
735 4068 745 4079 ·
764 4043 822 4092 Hoc
839 4061 883 4107 epo
896 4046 985 4109 potios
1001 4043 1042 4092 sel
1059 4043 1113 4093 tale
1130 4044 1230 4109 aliquid
1248 4045 1382 4103 crederem,
1400 4047 1424 4094 si

227 4126 300 4175 illias
317 4128 477 4191 apocryphae
499 4128 644 4191 scripturae
666 4129 708 4177 ati
726 4131 837 4178 loactim
857 4134 935 4193 pater
952 4130 1057 4178 Mariae
1075 4130 1169 4192 lepitar
1185 4131 1342 4179 auctoritate
1358 4132 1422 4180 deti·

226 4228 313 4272 rerer,
341 4229 414 4277 pam
435 4214 539 4262 mentiri
562 4214 718 4278 eoaapelium
816 4215 868 4265 Sed
893 4216 1061 4279 impugnanti
1081 4219 1223 4280 tantopere
1242 4216 1423 4280 apocryphum

227 4300 317 4351 Fausti
337 4300 433 4349 librum
453 4301 554 4350 mentio
574 4302 722 4367 apocryphi
740 4303 808 4352 alius
827 4303 931 4368 scripti,
950 4317 1001 4366 quo
1020 4302 1054 4351 ad
1074 4303 1200 4353 luendam
1219 4318 1273 4352 rem
1292 4318 1364 4353 auam
1381 4305 1422 4353 uti

226 4390 326 4449 posset,
347 4401 401 4435 non
420 4388 572 4448 opportuna
591 4391 657 4436 arat.

311 4476 334 4542 ³)
354 4478 395 4528 Cf.
413 4478 481 4543 Opp.
496 4478 634 4544 chrysost.
650 4480 691 4530 ed.
705 4481 854 4530 Mantiane.
876 4487 938 4530 tom.
952 4480 997 4529 VI.
1016 4496 1076 4545 pag.
1088 4479 1182 4530 XXIV.
1219 4480 1285 4529 Nam
1304 4483 1369 4531 sicat
1385 4483 1422 4530 lei·

225 4564 308 4612 storia
325 4563 448 4627 quaedam
469 4578 519 4612 aaa
541 4563 701 4612 incredibilis
724 4580 802 4628 reque
823 4562 1013 4614 irrationabilis
1035 4564 1119 4621 docet,
1147 4565 1248 4628 quondo
1267 4569 1342 4627 perta
1365 4570 1423 4614 esst

226 4665 289 4714 qaae
306 4650 388 4713 refert
406 4649 499 4706 Lucas
521 4651 612 4713 Ioseph
629 4651 718 4699 atsere
735 4655 799 4700 erat.
