3458 5640
475 590 678 643 DESCENSUS
697 588 840 642 CHRISTI
857 591 903 642 AD
922 589 1084 642 Inruuos
1110 590 1238 642 lx-xu
1393 587 1454 651 431

347 743 476 810 Deinde
500 742 660 809 exivimus
683 742 799 808 exinde
823 763 936 809 omnes
963 764 1038 808 cum
1060 743 1206 825 domino,
1232 742 1457 827 relinquentes

263 850 365 917 Satan
388 855 421 914 et
442 848 607 914 infernum
630 849 663 913 in
687 853 857 914 torturum.
894 846 1069 932 Nobisque
1092 852 1125 914 et
1147 847 1221 913 aliis
1236 849 1349 912 multis
1364 869 1457 931 prae·

262 958 388 1037 ceptum
423 959 475 1018 est
506 957 544 1017 ut
575 974 647 1017 cum
680 973 820 1036 corpore
848 973 1108 1037 resurgeremus,
1139 953 1173 1016 in
1205 951 1314 1016 seculo
1343 951 1458 1017 dautes

263 1059 487 1125 testimonium
519 1058 772 1125 resurrectionis
804 1056 928 1123 domiui
959 1059 1066 1123 nostri
1095 1057 1173 1123 Iesu
1197 1057 1322 1124 Christi
1354 1064 1388 1123 et
1418 1059 1458 1123 ele

261 1163 303 1226 iis
325 1184 410 1246 quae
433 1168 527 1247 gestu
549 1168 627 1227 sunt
648 1161 735 1245 apud
758 1161 892 1226 inferos.

346 1267 440 1332 Haec
471 1272 563 1348 sunt,
594 1267 712 1331 fratres
746 1265 924 1345 carissimi,
955 1285 1040 1347 quae
1071 1264 1210 1329 vidimus
1241 1270 1275 1328 ct
1304 1264 1467 1329 testifica.

262 1392 333 1434 mur
362 1370 504 1434 adiurati
532 1392 552 1433 a
579 1369 686 1451 vobis,
718 1368 775 1432 illo
804 1371 981 1432 attestante
1008 1366 1065 1449 qni
1094 1389 1155 1450 pro
1183 1367 1280 1431 nobis
1307 1374 1458 1432 mortuus

261 1478 311 1538 ost
343 1479 377 1538 ct
407 1473 607 1552 resurrexit;
644 1471 723 1554 quia
755 1471 841 1536 sicut
873 1471 1032 1553 scriptum
1064 1476 1131 1551 est,
1168 1472 1216 1535 ita
1247 1478 1375 1552 gestum
1408 1476 1459 1535 est

260 1598 460 1661 peremnia.

652 1751 769 1818 (tneor
792 1750 857 1817 XI.
885 1750 1067 1837 (XXVII.)

287 1960 289 1965 ⁴
347 1892 397 1955 At
419 1889 475 1956 ubi
498 1890 616 1956 charta
637 1891 801 1975 completa
824 1897 857 1956 et
879 1890 1026 1977 perlecta
1054 1893 1118 1970 est,
1147 1888 1319 1954 audientes
1348 1882 1459 1954 omnes

262 1992 452 2061 ceciderunt
473 1996 507 2058 in
530 1994 633 2060 facies
656 2016 742 2076 suas,
764 1994 978 2059 lacrimantes
1001 2015 1113 2059 amare
1136 1999 1170 2058 et
1192 1993 1370 2059 crudeliter
1388 2014 1460 2076 per-

263 2099 425 2164 cutientes
448 2103 586 2183 pectora
608 2120 681 2180 sua,
710 2099 889 2163 clamantes
914 2103 947 2162 et
969 2096 1115 2162 dicentes
1143 2110 1202 2181 per
1231 2098 1355 2162 omnia:
1386 2095 1460 2163 Vae

263 2201 374 2267 nobis:
405 2208 443 2268 ut
471 2203 550 2287 quid
580 2202 675 2267 nobis
708 2203 835 2267 miseris
867 2202 1029 2285 contingit
1058 2201 1146 2269 hoc?
1190 2200 1293 2286 Fugit
1319 2201 1461 2285 Pilatus,

262 2306 347 2390 fugit
367 2306 486 2372 Annas
510 2313 543 2372 et
565 2305 716 2390 Caiphae,
740 2305 872 2390 fugiunt
894 2305 1080 2372 sacerdotes
1103 2310 1137 2371 et
1157 2305 1304 2388 Levitae,
1327 2306 1461 2389 insuper

263 2416 297 2475 et
318 2410 459 2495 populns
482 2410 696 2495 ludaeorum,
728 2411 895 2496 plorantes
924 2432 963 2477 oc
983 2410 1151 2488 ‚dicentest
1182 2411 1254 2480 Vae
1281 2412 1375 2478 nobis
1403 2412 1461 2477 mi·

262 2513 352 2597 seris,
376 2515 568 2598 sanguinem
592 2521 743 2581 sanctum
766 2515 799 2578 in
822 2519 913 2580 terre
935 2512 1118 2580 effudimus.

346 2617 468 2684 Tribus
496 2619 609 2703 itaque
633 2619 748 2685 diebus
776 2622 809 2684 et
835 2619 941 2684 tribus
969 2619 1122 2684 noctibus
1144 2640 1261 2702 punem
1285 2623 1319 2684 et
1341 2639 1461 2701 aquam

260 2741 327 2785 non
369 2725 586 2802 gustaverunt
629 2719 696 2785 ullo
741 2719 860 2803 modo,
902 2740 1009 2804 neque
1051 2721 1086 2785 in
1128 2741 1300 2805 synagoga
1339 2719 1461 2803 aliquis

262 2845 374 2889 eorum
403 2829 454 2889 est
480 2846 640 2890 reversus.
684 2820 799 2890 Tertia
825 2845 903 2890 xero
932 2824 985 2890 die
1011 2825 1132 2891 iterum
1160 2828 1360 2910 congregato
1388 2845 1462 2889 con-

261 2928 337 2993 cilio
368 2928 516 3012 perlecta
544 2935 594 2994 est
616 2929 683 2994 alia
704 2926 822 2994 charte
843 2927 978 2993 Leucii:
1010 2934 1044 2994 et
1075 2950 1136 2995 uec
1166 2931 1240 3014 plus
1266 2951 1327 2995 nec
1349 2929 1462 2994 'minus

261 3032 431 3098 inventum
461 3039 524 3117 est,
556 3039 715 3117 qnantum
743 3034 784 3099 ad
811 3033 958 3099 litteram
987 3055 1102 3118 unam,
1131 3035 1166 3099 in
1193 3040 1355 3119 quantum
1384 3032 1462 3098 scri·

263 3143 356 3219 ptum
384 3134 505 3200 Karini
535 3127 733 3201 continebat.
777 3135 871 3201 Tune
902 3135 1102 3202 conturbata
1133 3140 1183 3202 est
1213 3158 1397 3222 synagoga,
1429 3143 1463 3202 et
1531 3178 1538 3196 .

262 3240 418 3306 luxerunt
455 3263 566 3307 omnes
604 3240 670 3305 XL
705 3241 820 3307 diebus
856 3246 889 3307 et
926 3240 993 3307 XL
1029 3241 1201 3325 noctibus,
1237 3246 1462 3325 exspectantes

261 3369 281 3409 a
311 3345 373 3408 (leo
406 3347 576 3410 interitum
608 3351 642 3409 et
669 3344 721 3409 dei
752 3345 941 3409 vindictam.
994 3345 1059 3410 Sctl
1093 3346 1150 3410 ille
1181 3346 1356 3409 miserator
1389 3346 1463 3426 pius

348 3569 392 3623 Cf.
412 3573 432 3621 Α
452 3571 497 3623 xl.
532 3587 614 3620 omnes
633 3608 640 3622 .
660 3608 667 3622 .
687 3586 703 3624 Λ
721 3571 774 3622 edd
792 3574 876 3623 saneti
898 3570 903 3637 Ι
928 3573 985 3622 Sat.
1004 3575 1029 3622 et
1051 3573 1101 3640 ias.
1121 3576 1148 3622 ta
1171 3577 1235 3622 tart.
1261 3588 1319 3621 cum
1340 3585 1355 3623 c
1375 3607 1404 3622 ..
1425 3585 1461 3624 AB

266 3658 349 3710 Salem
366 3660 393 3707 ia
411 3659 538 3724 infernum
556 3661 560 3721 Ι
579 3670 613 3710 uc
631 3657 711 3707 Nolis
728 3674 824 3723 quoque
841 3662 866 3708 et
881 3655 885 3724 Ι
900 3673 918 3710 Α
936 3675 991 3708 cem
1009 3659 1137 3724 corpor-ib.
1155 3660 1252 3708 nostris
1266 3655 1271 3723 Ι
1287 3671 1303 3709 c
1321 3673 1362 3707 om
1381 3659 1413 3707 de
1430 3659 1463 3708 s'r'r

266 3741 270 3810 Ι
293 3759 310 3795 Δ
328 3748 353 3792 et
371 3759 435 3808 quoe
449 3747 524 3808 peste
540 3760 561 3795 a.
579 3759 620 3806 ap.
639 3745 686 3808 tas.
705 3745 858 3809 referremus

351 3831 436 3880 adicer.
457 3849 474 3880 a
491 3831 560 3881 cobis
578 3868 608 3882 ..
628 3845 645 3882 n
663 3832 732 3897 epod
749 3848 794 3882 vce

346 3935 393 3986 xl.
431 3935 472 3986 Cf.
493 3938 513 3986 n
533 3936 579 3987 lll.
612 3938 648 3987 Ar
670 3937 713 3985 uli
730 3963 740 3972 ·
761 3937 813 3985 die.
834 3952 882 3999 per
904 3935 989 3984 emnia
1011 3951 1068 3984 eum
1094 3935 1122 3986 C.
1142 3936 1224 3985 Paulo
1243 3936 1378 3986 breviores
1397 3939 1462 3985 erant

265 4037 308 4080 au.
336 4027 341 4084 Ι
369 4025 447 4089 rupte
469 4025 573 4074 Pilatus
596 4031 639 4075 etc
664 4041 721 4074 curn
746 4038 761 4076 e
785 4061 792 4074 .
812 4061 818 4074 .
842 4038 876 4076 sc
899 4025 977 4086 repa
994 4023 1048 4072 Pil.
1072 4027 1096 4072 et
1123 4024 1152 4086 (u
1171 4023 1225 4086 orn)
1253 4024 1373 4074 Iudaeor.
1399 4039 1462 4088 pop.

264 4115 340 4177 rupit.
366 4114 443 4161 Aeria
460 4117 485 4160 et
499 4113 586 4175 Caiph.
600 4113 705 4174 pariter
723 4112 794 4161 ibent
813 4111 841 4174 (Α
856 4112 968 4174 pariter,
987 4109 1133 4174 antequam)
1148 4110 1277 4174 plorando
1296 4110 1326 4173 (Β
1339 4114 1404 4160 -atee
1418 4110 1462 4172 ac)

263 4199 375 4247 (licenter

348 4282 440 4330 iterum
468 4296 554 4345 conpr.
577 4280 685 4330 concilio
713 4280 831 4343 perlecta
858 4279 902 4342 (h.
930 4280 949 4330 l.
976 4294 993 4331 a
1015 4278 1151 4342 praelecto
1177 4278 1273 4337 hebet,
1306 4277 1354 4328 sed
1381 4295 1462 4344 supr-s

263 4369 329 4418 locis
354 4368 387 4418 iis
412 4367 534 4433 pluribus
557 4368 602 4417 uui
621 4366 738 4431 preelep.
759 4366 836 4416 malis
855 4382 932 4431 quem
952 4365 1068 4429 ρανίᾳ,
1095 4365 1178 4414 lectio
1199 4381 1251 4415 non
1271 4363 1396 4428 lluctuet)
1418 4369 1462 4414 cte

267 4493 296 4509 ..
317 4461 477 4523 crewmpto
495 4458 589 4524 optrito
609 4459 824 4521 conprepaoerunt
841 4455 975 4504 corrodium
992 4458 1021 4504 ut
1039 4453 1151 4517 lepereat
1168 4451 1257 4502 Iaeaeii
1279 4454 1407 4503 chartam:
1434 4453 1460 4502 ia

265 4561 314 4611 pua
331 4544 507 4595 continebatur
524 4548 603 4594 tetam
621 4543 689 4593 illua
708 4544 773 4607 quod
790 4543 931 4605 scripserat
950 4541 1082 4602 Cerrinus,¹
1098 4556 1144 4588 nec
1163 4539 1225 4602 ples
1246 4557 1291 4589 aec
1312 4542 1394 4590 mines
1410 4557 1462 4589 aaa

264 4633 353 4683 littera
371 4634 514 4682 sicennam
532 4633 594 4680 iota.
614 4630 619 4693 Ι
640 4645 656 4681 Λ
675 4629 843 4692 exspectando
864 4631 869 4690 Ι
888 4645 905 4677 o
922 4608 970 4677 deo
988 4632 1031 4677 etc
1050 4643 1108 4676 cum
1128 4639 1143 4678 c
1163 4661 1170 4674 ·
1193 4662 1199 4675 .
1226 4627 1360 4691 equando
1377 4627 1462 4675 veniat

263 4722 300 4771 eis
318 4723 449 4778 interilum
468 4732 485 4769 u
505 4721 628 4782 corrupte
647 4717 748 4782 quondo
764 4717 827 4765 dese
843 4716 941 4765 veniret
958 4715 984 4763 in
1003 4714 1081 4764 terris
