3458 5640
344 362 581 863 Q

400 733 421 843 d

415 1107 640 1167 narcissino
664 1108 945 1168 Imrosssslssfflo
969 1107 1309 1170 nxonnnnnrlssfflo

705 892 824 963 vrso
853 893 1019 962 sonmo

267 1426 411 1531 IOH.
466 1428 705 1533 PAULO
764 1429 858 1530 DE
918 1425 1458 1533 FALKENSTEIN

245 1607 248 1612 ’
314 1614 519 1653 ΡΟΤΒΝΤῙὸῧΙὶΙΟ
541 1615 607 1654 REGI
629 1615 764 1654 suom
786 1617 803 1654 Α
824 1615 929 1654 sums
951 1615 1045 1654 rcum
1066 1614 1250 1655 momen
1271 1615 1420 1665 munere,

338 1702 428 1741 sorim
446 1702 568 1741 SRMTUB
585 1703 785 1742 recessissem
802 1703 878 1742 NUNC
898 1703 1037 1751 PRAESIDI,
1056 1703 1242 1742 COHPLURIUH
1260 1702 1390 1742 oenum!

440 1790 620 1838 eonsensum
638 1791 775 1830 eoeneum
792 1791 951 1830 mereamus
970 1792 1129 1838 necomw,
1150 1791 1209 1830 ΠΕ.
1229 1790 1289 1830 ΒΤΟ.

810 2217 833 2257 Β.
850 2216 876 2257 1³.
894 2217 921 2255 D.

503 2437 864 2508 CONSTANTINUS
885 2438 1230 2509 TISOHENDORF.
1292 2507 1296 2516 .

353 3012 407 3078 Ex
422 3032 487 3096 qno
506 3011 650 3096 primum
667 3016 814 3096 tempore
832 3011 977 3078 animum
993 3011 1145 3097 viresque
1165 3009 1310 3097 applicui
1328 3009 1370 3078 ad
1387 3012 1462 3096 pro-
1543 2991 1548 3002 ⁸

269 3151 430 3217 movenda
453 3151 592 3217 fontium
616 3172 784 3217 sacrorum
807 3151 925 3232 studia,
948 3151 982 3215 in
1004 3151 1119 3235 primis
1137 3150 1190 3218 To
1213 3157 1352 3219 conatus
1373 3173 1462 3220 meos

269 3279 380 3343 favore
400 3278 535 3343 consilio
556 3278 753 3343 auctoritate
772 3277 933 3343 adiuvisti.
967 3277 1039 3344 Nec
1054 3278 1122 3344 fere
1138 3285 1188 3343 est
1204 3279 1260 3362 qui
1278 3300 1337 3362 per
1352 3301 1462 3346 omnes

269 3426 378 3470 rerum
400 3425 495 3469 casus
517 3403 558 3468 ad
580 3403 666 3468 hunc
689 3425 792 3486 usque
816 3403 901 3469 diem
923 3404 1004 3468 mihi
1026 3403 1264 3488 laboribusque
1286 3406 1367 3470 meis
1385 3405 1461 3472 fide·

268 3533 330 3599 lior
348 3531 399 3598 'sn
418 3538 578 3616 patronus
597 3531 768 3598 exstiterit.
805 3531 917 3597 Nullis
940 3533 1026 3598 enirn
1049 3532 1311 3599 obtrectatorum
1333 3533 1462 3600 iniuriis

268 3669 327 3728 aut
348 3661 474 3728 artibus
497 3660 574 3727 ΤυΑ
597 3683 676 3746 erga
699 3684 750 3727 me
773 3661 1002 3728 benevolentia
1026 3661 1134 3746 cessit,
1157 3684 1264 3747 neque
1286 3662 1382 3729 aliter
1404 3684 1462 3728 un-

268 3813 366 3878 quam
383 3791 515 3858 sensisti
531 3813 631 3876 quam
650 3792 768 3857 studiis
787 3793 868 3858 meis
888 3793 1046 3859 ecclesiae
1063 3792 1270 3861 Christianae
1287 3792 1370 3858 bene
1389 3814 1462 3859 con·

268 3920 340 3984 suli.
383 3919 473 3985 Hinc
494 3940 693 4003 magnopere
716 3919 802 3985 hanc
824 3919 905 3984 mihi
928 3920 1134 3985 occasionem
1157 3919 1308 4004 gratulor
1329 3917 1462 4002 pietatis

267 4067 359 4111 meae
377 4044 457 4111 'Pmr
474 4044 579 4110 denuo
598 4045 833 4111 testificandae.
871 4044 969 4129 Quod
992 4046 1093 4128 igitur
1116 4052 1190 4111 ante
1213 4045 1272 4111 hos
1293 4044 1462 4110 duodecim

267 4194 383 4269 annos
397 4172 504 4256 prima
530 4195 604 4238 mea
626 4172 786 4239 librorum
809 4173 896 4239 Novi
919 4171 1125 4240 Testamenti
1153 4173 1296 4241 editione
1322 4171 1462 4258 splendi-

268 4298 401 4368 dissimo
421 4301 546 4367 nomini
561 4300 638 4368 Tuo
658 4301 840 4369 dedicanda
857 4302 929 4385 ieci,
953 4301 986 4368 id
1008 4325 1095 4368 nunc
1118 4301 1294 4389 evangeliis
1311 4301 1363 4385 his
1381 4300 1474 4386 meis¹

268 4434 465 4520 apocryphis
479 4441 628 4518 repetere
648 4435 786 4500 institui.
818 4435 913 4520 Quod
930 4457 970 4501 ne
987 4435 1039 4500 cui
1056 4434 1173 4500 mirum
1188 4416 1356 4519 videatnr,'
1368 4431 1462 4518 quasi

268 4564 478 4631 acanonicis
502 4564 544 4631 ad
566 4565 756 4650 apocrypha
779 4570 911 4632 ventum
936 4566 987 4631 sit.
1032 4564 1122 4631 Illud
1145 4566 1309 4632 enimvero
1331 4564 1365 4630 in
1384 4583 1462 4647 apo-

269 4695 401 4780 cryphis
419 4694 596 4779 evangeliis
613 4696 756 4780 optimae
773 4695 877 4778 frugis
895 4694 1048 4780 estquod
1067 4696 1209 4762 divinam
1228 4694 1461 4762 canonicorum
