3458 5640
303 603 343 664 52
499 600 828 651 rosano-narrum
843 599 1081 651 EVANGBLIUM.
1100 599 1301 650 uriarunan.

304 747 481 816 Christum
506 754 709 832 expetentes
733 769 942 832 quaesumus
968 754 1007 812 nt
1032 768 1108 813 eum
1136 769 1176 813 ex
1200 746 1351 812 hebraeo
1376 746 1499 812 latinis

303 854 447 920 auribus
465 852 597 932 tradas,
624 873 694 917 non
711 859 780 917 tam
797 853 841 917 ad
857 851 1084 937 percipienda
1105 871 1249 934 eaquae
1267 856 1349 915 sunt
1365 847 1499 916 Christi

303 957 457 1041 iusignia
472 977 574 1040 quam
590 956 634 1021 ad
649 956 905 1022 haereticorum
922 956 1085 1022 astutiam
1103 953 1365 1034 excludendam;
1383 953 1443 1037 qui
1460 958 1501 1017 ut

304 1060 497 1126 doctrinam
522 1058 646 1124 malam
671 1060 912 1141 instituerent,
942 1058 1054 1123 bonae
1081 1055 1211 1122 Christi
1236 1058 1410 1123 nativitati
1436 1078 1500 1122 sua

303 1163 485 1229 mendacia
501 1164 730 1246 miscuerunt,
752 1168 792 1227 ut
812 1182 875 1246 per
891 1161 1110 1227 dulcedinem
1125 1162 1214 1228 ritae
1236 1162 1356 1228 mortis
1379 1163 1501 1227 aurari-

238 1269 243 1282 '
303 1268 461 1333 tudinem
486 1267 714 1333 occultarent.
759 1266 840 1332 Erit
864 1287 944 1352 ergo
970 1266 1176 1349 purissimae
1202 1266 1358 1331 caritatis
1383 1272 1422 1331 nt
1445 1265 1500 1331 vel

304 1378 468 1455 rogantes
490 1369 615 1435 fratres
632 1374 712 1435 tuos
736 1368 915 1450 exaudias,
936 1369 990 1433 vel
1013 1370 1195 1452 episcopos
1219 1369 1396 1452 exigentes
1415 1370 1501 1434 cari·

303 1474 387 1538 tatis
404 1472 561 1538 debitum
578 1471 670 1556 quod
692 1470 856 1536 idoneum
874 1470 1064 1536 credideris
1081 1472 1236 1554 recipere
1259 1470 1379 1536 facias.
1410 1470 1499 1539 Vale

304 1578 341 1642 in
358 1577 498 1643 domino
516 1580 552 1640 et
568 1595 629 1640 ora
644 1595 707 1658 pro
724 1572 836 1651 nobis.

883 1785 922 1857 B.

390 1935 552 2000 Dominis
569 1936 699 2000 sanctis
716 1955 755 2000 ac
771 1935 982 2000 beatissimis
1001 1932 1176 2000 Oromatio
1195 1941 1230 2000 et
1244 1935 1412 2001 Eliodoro
1430 1937 1501 2018 epi·

306 2040 422 2121 scopis
439 2036 635 2103 Ieronimus
652 2038 797 2121 exiguus
815 2035 945 2104 Christi
964 2057 1081 2102 servus
1098 2038 1134 2101 in
1151 2036 1290 2102 domino
1308 2039 1467 2102 salutcm.

392 2136 462 2222 Qui
475 2144 602 2204 terram
619 2141 694 2204 auri
706 2141 879 2204 consciam
895 2139 995 2219 fodit,
1012 2158 1081 2204 non
1098 2139 1180 2203 ilico
1198 2141 1323 2222 arripit
1333 2139 1502 2222 quicquid

306 2241 401 2307 fossa
421 2240 619 2325 profuderit
638 2240 805 2322 lacerata3
829 2241 890 2306 sed
910 2241 1112 2324 priusquam
1137 2239 1341 2325 fulgendum
1363 2241 1502 2326 pondus

304 2343 473 2409 vibrantis
490 2345 601 2410 iactus
618 2343 704 2409 ferri
720 2343 921 2428 suspendat,
938 2345 1078 2409 interim
1087 2343 1263 2409 vertendis
1281 2344 1505 2429 supinandis·

305 2469 372 2532 que
399 2448 590 2532 cespitibus
616 2448 833 2530 immoratur,
860 2453 895 2514 et
919 2468 979 2532 spe
1005 2446 1112 2514 alitur
1137 2448 1197 2531 qui
1219 2448 1373 2515 noudum
1393 2449 1502 2515 lucris

305 2559 463 2638 augetur.
509 2548 669 2617 Arduum
691 2573 778 2635 opus
802 2552 1011 2637 iniungitur,
1034 2573 1109 2618 curn
1132 2551 1197 2617 hoc
1219 2551 1328 2618 fuerit
1348 2575 1368 2619 a
1386 2559 1504 2620 vestra

304 2657 389 2722 mihi
406 2655 625 2723 beatitudine
643 2657 849 2740 imperatum
867 2656 960 2740 quod
976 2678 1039 2723 neo
1056 2658 1130 2741 ipse
1148 2664 1288 2739 sanctus
1299 2656 1502 2725 Matthaeus

304 2760 484 2844 apostolus
507 2767 542 2824 et
562 2760 777 2844 evangelista
796 2760 906 2825 voluit
927 2761 963 2824 in
984 2767 1103 2843 aperto
1127 2762 1309 2827 conscribi.
1347 2759 1385 2827 Si
1408 2764 1501 2826 enirn

306 2864 476 2929 secretius
499 2883 569 2927 non
591 2868 697 2944 esset,
723 2859 901 2944 evangelio
925 2863 1046 2945 utique
1068 2863 1135 2946 ipsi
1159 2863 1251 2946 quod
1274 2863 1386 2929 edidit
1406 2863 1503 2928 addi-

306 2965 426 3034 disset.
462 2963 533 3031 Sed
548 2963 634 3030 fecit
649 2965 742 3029 hunc
757 2964 916 3029 libellum
932 2964 1105 3030 hebraicis
1122 2965 1250 3031 litteris
1268 2967 1501 3051 obsignatum,

307 3089 409 3151 quem
430 3087 540 3150 usque
562 3065 649 3132 adeo
666 3087 736 3131 non
754 3067 865 3133 edidit
886 3074 925 3132 ut
940 3066 1042 3132 hodie
1060 3089 1163 3132 manu
1185 3070 1296 3152 ipsius
1313 3069 1404 3134 liber
1420 3071 1503 3134 scri·

305 3178 387 3255 ptus
404 3169 578 3235 hebraicis
594 3169 721 3234 litteris
739 3170 849 3235 aviris
859 3170 1133 3254 religiosissimis
1149 3170 1329 3254 habeatur,
1348 3172 1407 3255 qui
1425 3193 1503 3238 eum

308 3383 442 3430 ‹oritoum
455 3397 505 3445 per
520 3406 548 3415 -
562 3384 705 3444 expetentes
721 3385 749 3430 eet
766 3380 833 3428 illud
849 3397 893 3439 ee,
914 3381 977 3430 itam
991 3383 1055 3446 vulg
1068 3383 1106 3430 Et
1121 3383 1171 3432 ido.
1185 3386 1253 3431 taem
1265 3385 1399 3432 ceritatem
1409 3399 1458 3447 per
1472 3408 1500 3417 -

308 3467 459 3531 expetimus,
478 3471 601 3530 pectem
617 3469 642 3514 et
657 3465 724 3514 illud
740 3481 777 3515 eo.
805 3465 872 3515 lude
886 3465 956 3528 quod
969 3481 1116 3529 quaeremur
1134 3468 1162 3516 in
1175 3467 1252 3518 codd.
1272 3473 1302 3517 ut
1315 3481 1331 3516 ιι
1344 3476 1371 3519 et
1385 3466 1462 3517 Mon·
1475 3455 1504 3532 pe

309 3553 438 3615 scriptum
458 3556 500 3600 est
518 3567 566 3599 noc
584 3552 651 3599 satis
669 3551 851 3607 intellectum,
872 3556 930 3598 orta
948 3557 989 3599 est
1006 3551 1131 3601 lectionis
1145 3554 1260 3602 varietas
1280 3550 1285 3618 Ι
1305 3555 1369 3618 vulg
1385 3569 1435 3603 ιιοιι
1447 3559 1503 3602 terre·

308 3641 359 3686 tem
377 3637 411 3685 ad
424 3637 614 3700 percipiendum
627 3652 690 3699 quoe
703 3660 712 3671 ·
725 3640 844 3700 ςιιαιιίιιιιι
861 3637 895 3684 od
912 3637 1008 3685 haeret.
1026 3641 1103 3686 aetat.
1122 3636 1220 3686 enelred.
1240 3636 1245 3703 Ι
1265 3639 1394 3688 aeoeoled.
1413 3643 1500 3696 ostrei..

308 3724 373 3773 item
386 3723 454 3770 misc.
467 3723 606 3780 ιιιοιιιίασίιι,
618 3723 686 3771 citae
695 3721 803 3780 doloed,
815 3722 923 3772 debitam
933 3724 1008 3772 coeit.
1024 3719 1028 3788 Ι
1042 3724 1106 3787 vulg
1116 3724 1202 3772 bonam
1215 3723 1271 3772 Obr.
1284 3726 1444 3774 nativitatem
1456 3742 1501 3774 eoo

307 3809 438 3858 mendacio
449 3809 601 3857 mirarer-ant
615 3805 619 3873 Ι
631 3824 679 3872 per
692 3807 785 3869 (etiem
802 3820 817 3856 ιι
830 3805 921 3870 Mon):
937 3809 1001 3873 vulg
1009 3814 1068 3873 poet
1083 3806 1087 3873 Ι
1102 3810 1235 3859 coriletie:
1247 3812 1287 3860 ita
1299 3824 1334 3861 n
1347 3812 1424 3872 Μοιις
1438 3814 1503 3877 vulg

308 3895 414 3959 pictatio
427 3892 431 3960 Ι
445 3899 474 3943 eet
486 3893 526 3941 cel
533 3911 540 3940 .·
552 3894 617 3957 vulg
628 3893 668 3942 oel
679 3898 708 3943 at
719 3890 723 3958 Ι
739 3894 803 3943 Μοιι
815 3898 844 3943 ut
855 3899 952 3944 oeetroe
964 3899 1063 3959 repant.
1069 3896 1155 3960 sectr.
1169 3897 1299 3952 exaudior.
1313 3899 1378 3963 vulg
1390 3897 1457 3961 (non
1472 3896 1499 3961 ιι)

309 3997 350 4029 om
365 3975 437 4043 ιιιοιΙ
453 3981 552 4027 nBene
563 3977 621 4026 vole
635 3976 639 4043 Ι
652 3980 679 4026 ιἰι
692 3980 805 4027 domino.-
818 3993 834 4026 ι
848 3980 873 4027 in
888 3979 986 4029 cenea

378 4065 408 4111 Β.
428 4078 444 4111 ι
462 4064 666 4125 inscriptionem
686 4063 782 4111 hahet:
805 4065 943 4127 Responsio
961 4065 1083 4128 epietolu
1098 4081 1147 4129 per
1165 4066 1315 4115 Ieroaimemr
1332 4069 1367 4117 od
1384 4070 1466 4131 ipses,
1485 4082 1501 4118 ι

308 4147 431 4212 Epietolo
444 4146 588 4194 Hieronimi
605 4147 639 4194 od
651 4161 712 4209 quoe
723 4162 814 4210 supro,
835 4149 898 4211 vulg
911 4148 1078 4213 Hieronymus
1092 4148 1233 4199 Oleromote'o
1251 4156 1278 4200 et
1288 4152 1430 4202 Heliodoro
1448 4155 1500 4216 epi·

307 4233 398 4296 acopis.
424 4232 469 4279 Nil
482 4230 610 4279 eiusmodi
625 4231 696 4278 bion.

378 4332 421 4364 eo:
441 4317 546 4379 vulget
565 4313 569 4378 Ι
589 4315 652 4378 vulg
670 4314 814 4365 chromatio
832 4321 856 4366 et
873 4316 1028 4377 Heliodoro,
1045 4321 1109 4369 item
1129 4319 1296 4386 Hieronymus
1315 4319 1319 4385 Ι
1332 4322 1502 4386 scalpendum.-

310 4402 350 4451 ita
362 4414 378 4448 ιι
389 4401 461 4458 Μοιι,
474 4401 538 4464 vulg
543 4399 659 4464 solym,
673 4414 689 4447 Δ
695 4400 827 4465 salpe'dam
841 4398 846 4467 Ι
860 4403 1072 4468 aptandaque.-
1090 4406 1129 4454 ita
1140 4419 1175 4455 ιιι
1184 4405 1261 4464 Μοιις
1276 4408 1339 4471 vulg
1351 4409 1501 4473 eerpeadea·

308 4485 412 4551 dieque!
428 4503 472 4550 epe
484 4486 580 4534 aliter:
597 4487 636 4535 ita
648 4487 796 4537 rectissime
809 4501 839 4546 ιι,
859 4489 956 4554 reliqui
970 4497 998 4540 et
1011 4492 1075 4556 vulg
1086 4491 1234 4555 specialiter
1247 4489 1252 4558 Ι
1266 4505 1283 4541 ι
1297 4509 1314 4541 ιι
1325 4498 1401 4543 oeetr.
1415 4495 1502 4543 beotia

307 4575 377 4632 mili,
395 4575 460 4639 vulg
472 4572 533 4621 ndi
549 4589 566 4621 a
585 4577 659 4623 reete.
675 4573 761 4623 beotii.
775 4576 779 4639 Ι
795 4574 917 4642 hefridi!
933 4591 948 4625 a
964 4577 994 4626 aa·
1010 4579 1056 4626 boo
1068 4579 1189 4628 secretiore
1206 4594 1255 4628 ιιοιι
1271 4580 1376 4644 epieeet,
1395 4583 1460 4646 vulg
1474 4581 1504 4630 Si

309 4663 372 4713 enim
390 4663 436 4712 boo
447 4665 569 4711 eeorelrem
586 4677 635 4711 ιιοιι
652 4657 733 4730 earet}
748 4662 848 4727 eelqee=
864 4677 882 4713 ι
895 4681 990 4730 qaoque
1003 4662 1008 4731 Ι
1022 4666 1073 4730 ipei
1085 4669 1116 4716 ut
1127 4679 1156 4725 ι,
1174 4667 1239 4722 hicn
1250 4667 1318 4732 ipee,
1336 4669 1401 4733 vulg
1412 4669 1503 4734 iper'ee,

308 4763 383 4800 nereo
397 4751 401 4816 Ι
414 4764 491 4813 oeque
503 4748 566 4797 odeo
579 4763 641 4797 aon:
654 4750 811 4810 imilco,
824 4752 970 4817 vulgnom
981 4749 1047 4818 ιιοιιΙ
1062 4754 1150 4803 lodie:
1163 4749 1280 4820 vulget!
1295 4756 1420 4821 quierem:
1439 4758 1504 4822 vulg
