3458 5640
273 571 335 636 168
552 569 785 623 RVANGELIUM
804 571 951 625 woman
969 573 1137 626 LATINUM.
1163 575 1195 627 V.

275 723 405 806 volate;
422 743 451 790 a
475 723 612 790 nemine
638 729 782 790 mortem
807 725 1004 791 invenietis.
1034 725 1082 791 Et
1102 725 1259 793 volantes
1282 734 1482 812 coeperunt

275 826 458 895 clamando
480 826 624 894 laudare
648 825 750 893 deum
771 828 1055 913 omnipotentem.
1085 827 1257 899 Videntos
1279 835 1396 897 autom
1417 830 1480 898 Iu-

273 933 354 1000 daei
377 953 465 1019 quas
488 931 690 999 factasunt
717 931 879 999 admirati
902 939 999 1018 sunt,
1025 938 1060 1000 et
1084 932 1247 1001 abierunt
1269 935 1478 1002 nuntiantes

280 1037 382 1123 signa
398 1028 486 1121 qnae
503 1035 589 1103 fecit
603 1035 716 1103 Iesus.

361 1142 373 1176 ¹
389 1140 601 1207 Pharisaeus
619 1146 734 1207 autom
747 1143 806 1225 qui
823 1148 898 1207 erat
914 1163 990 1209 cnm
1000 1141 1083 1209 Iesu
1101 1141 1333 1227 apprehendit
1342 1163 1478 1210 ramum

277 1244 387 1310 olivae
411 1251 447 1310 et
469 1245 586 1328 eoepit
608 1244 759 1328 dirigere
780 1242 913 1309 fontem
936 1265 1037 1328 quem
1063 1244 1149 1310 fecit
1168 1243 1280 1311 Iesus.
1316 1242 1476 1329 Cumque

275 1345 340 1410 hoo
355 1345 504 1411 vidisset
519 1344 631 1426 Iesus,
652 1344 814 1410 turbatus
831 1344 920 1410 dixit
935 1345 979 1410 od
997 1367 1088 1411 eum:
1121 1345 1302 1413 Sodomita
1316 1347 1422 1430 impie
1439 1354 1476 1411 et

275 1449 454 1529 nesciens,
477 1445 561 1529 quid
579 1453 613 1511 te
631 1446 882 1511 damnaverunt
896 1446 1012 1513 sontes
1032 1469 1159 1532 aquae,
1181 1448 1336 1514 foeturae
1352 1445 1475 1513 meae?

274 1549 368 1615 Ecce
386 1551 478 1615 siout
500 1550 603 1614 arbor
624 1547 723 1614 arida
738 1547 814 1631 fies,
839 1569 908 1614 non
925 1549 1058 1616 habens
1075 1551 1211 1617 radices
1227 1571 1291 1616 neo
1307 1549 1393 1616 folia
1409 1571 1475 1616 neo

274 1652 441 1719 fructum.
464 1651 513 1717 Et
526 1652 643 1718 statim
660 1649 835 1718 arefactus
847 1650 975 1719 cecidit
990 1653 1026 1718 in
1043 1658 1170 1719 terram
1187 1659 1223 1720 et
1236 1659 1393 1719 mortuus
1410 1661 1475 1720 est.

277 1756 450 1823 Parentes
467 1755 675 1856 autempius
687 1754 891 1820 detulerunt
907 1763 1178 1839 summoturum,
1196 1763 1231 1824 et
1246 1755 1476 1841 increpabant

274 1858 408 1945 Ioseph
429 1858 600 1925 dicentes:
627 1858 721 1924 Ecce
738 1857 832 1943 quod
848 1858 934 1925 feeit
949 1857 1042 1927 filius
1059 1866 1155 1928 tuus:
1177 1860 1263 1928 doce
1281 1881 1359 1926 eum
1375 1881 1478 1927 orare

250 1998 253 2003 ·
280 1969 315 2030 et
330 1984 400 2029 non
415 1961 668 2048 blasphemare.

276 2205 370 2258 Oneum
388 2205 421 2255 V.
457 2202 632 2266 QUOMODO
657 2203 757 2278 civsss
778 2204 1009 2256 connmsrs'rl
1027 2206 1119 2257 SUNT
1141 2206 1323 2257 ADVERSUS
1344 2207 1479 2260 losm‘lt

717 2288 785 2341 PRO
803 2289 925 2342 nsciis
944 2291 1032 2343 naso.

308 2454 310 2458 ’
363 2444 372 2478 ²
389 2443 438 2509 Et
457 2449 539 2527 post
559 2446 690 2526 paucos
708 2442 782 2508 diss
800 2442 1044 2509 deambulante
1060 2443 1143 2509 Iesu
1166 2462 1243 2509 oum
1261 2443 1392 2528 Ioseph
1411 2466 1476 2529 per

276 2547 394 2614 villam
406 2547 584 2614 concurrit
594 2545 636 2611 de
647 2544 944 2613 insontibusunus
956 2545 1300 2632 etperoussitIesum
1312 2547 1476 2614 innlnaa

277 2652 379 2720 Iesus
396 2658 512 2720 antem
529 2651 617 2717 dixit
633 2651 676 2716 sd
694 2670 784 2717 eum:
817 2648 875 2718 Sia
892 2652 1052 2738 perficias
1068 2653 1136 2719 iter
1150 2656 1259 2718 tuum.
1291 2651 1340 2718 Et
1355 2653 1478 2719 statim

278 2757 407 2823 cecidit
422 2755 458 2821 in
475 2762 603 2821 terram
621 2760 656 2820 et
670 2761 828 2821 mortuus
845 2763 907 2821 est.
936 2754 1015 2821 Illis
1032 2761 1146 2821 autem
1157 2754 1357 2821 ridentibus
1373 2755 1479 2821 mira-

275 2857 374 2940 bilia,
393 2857 629 2922 elamarerunt
644 2856 816 2922 dicentes:
840 2855 943 2922 Unde
961 2863 1014 2922 est
1029 2857 1095 2922 iste
1112 2854 1223 2942 puer?
1246 2856 1294 2922 Et
1310 2857 1475 2923 dixerunt

278 2959 322 3027 ad
342 2958 487 3044 Ioseph:
521 2957 602 3024 Non
625 2964 763 3042 oportet
786 2978 862 3024 esse
884 2958 1067 3026 nobiscum
1087 2959 1192 3025 talem
1212 2979 1369 3043 puerum.
1405 2958 1474 3025 Ille

277 3189 339 3239 lm
347 3202 467 3252 passeres
479 3185 612 3236 clamando
624 3201 655 3234 ao
668 3185 798 3236 huctando
812 3185 911 3236 laudam
920 3187 963 3236 dei
974 3187 1158 3249 omnipotentis.
1182 3186 1300 3236 Violenter
1312 3191 1395 3236 ouum
1405 3187 1483 3237 ludet

277 3274 368 3325 mirati
379 3275 445 3331 aaut,
458 3275 483 3321 rt
495 3271 612 3320 attonat
623 3271 773 3319 surdaster
784 3272 858 3334 cipro
870 3272 1008 3336 praefecit
1019 3271 1099 3320 Iesus.

349 3360 373 3408 3.
401 3357 497 3420 coepit:
527 3356 554 3405 in
580 3355 672 3406 codice
704 3356 833 3420 scriptum
859 3362 900 3405 ert
920 3357 1054 3420 proecepit
1079 3353 1083 3422 Ι
1109 3356 1234 3405 artemas.-
1264 3356 1292 3405 in
1318 3355 1412 3406 oodics
1436 3365 1479 3407 est

281 3445 403 3494 sortiere.

347 3529 380 3579 In
392 3541 412 3578 n
425 3529 507 3591 eaput
519 3525 611 3575 XXIX.
632 3526 792 3591 inscriptum
811 3531 866 3576 est:
891 3526 932 3575 De
948 3526 1057 3590 quodam
1068 3526 1209 3575 Plorr'roeo
1227 3530 1326 3576 mortuo
1344 3526 1379 3574 od
1395 3542 1485 3576 rocem.

278 3615 351 3673 Iera,
369 3617 450 3677 atque
469 3611 632 3676 (praemissis
651 3610 771 3659 Violenter
787 3613 869 3660 autem
882 3609 956 3659 Iader*
970 3592 1005 3645 ⁰-
1017 3610 1087 3674 seer't
1099 3610 1183 3668 Iecur,
1202 3625 1269 3675 quae
1286 3610 1320 3660 sd
1336 3617 1439 3676 partem
1453 3616 1479 3663 2.

279 3700 453 3764 eontniimnr)
472 3701 510 3751 sio
531 3700 627 3751 habet:
651 3699 791 3750 Pdorr'reur
807 3714 866 3749 sero
884 3699 986 3764 quidam
1006 3703 1064 3748 erat
1081 3715 1135 3749 eum
1152 3699 1225 3757 Iesu,
1247 3699 1290 3763 qul
1310 3699 1480 3763 apprehendit

279 3805 376 3842 ramam
388 3789 508 3839 elitaret
521 3787 587 3853 oepit
598 3786 823 3852 derivarrsoatrm
835 3786 1016 3851 paemfrrerot
1028 3786 1107 3835 Iecur.
1134 3785 1240 3851 Cumque
1252 3787 1299 3836 lroe
1316 3811 1325 3824 ·
1345 3785 1480 3837 Sodomita

280 3879 363 3942 impie,
376 3877 437 3942 quid
450 3880 474 3926 tr
482 3875 683 3938 dampnaverunt
686 3874 777 3939 sortes
788 3874 853 3922 meti
870 3872 940 3923 Eoos
950 3889 1016 3922 raro
1027 3874 1093 3923 eleut
1105 3873 1183 3922 ardor
1195 3872 1308 3938 avertes·
1322 3873 1479 3940 reparfolirr

279 3965 470 4030 reqoesraetor
486 3987 495 3999 ·
512 3961 551 4010 Bt
558 3964 682 4025 parentes
693 3961 747 4010 eius
757 3960 904 4010 detulerunt
916 3985 925 3997 ·
938 3960 1006 4008 Eoos
1018 3960 1153 4025 quidsecr't
1165 3963 1217 4010 ete.

349 4050 380 4107 V,
401 4052 424 4098 1.
452 4047 641 4112 Sioperfletar:
658 4047 696 4096 sio
713 4047 742 4095 ln
755 4046 848 4096 codice
860 4059 892 4104 Α,
910 4060 959 4094 nse
976 4046 1058 4095 aliter
1069 4059 1097 4095 n.
1120 4045 1199 4094 noeis
1213 4045 1326 4110 geminis
1340 4049 1394 4095 este
1420 4046 1480 4095 Nor

279 4137 317 4183 rio
325 4135 396 4198 perss
410 4138 461 4184 ete.
487 4130 527 4181 Cf.
540 4146 634 4196 evang.
647 4132 739 4181 Thom.
754 4129 796 4179 Gr.
809 4132 831 4177 A
844 4130 890 4188 lv,
909 4133 932 4179 1.
952 4136 980 4179 et
992 4130 1014 4176 B
1027 4129 1074 4188 IV,
1093 4132 1115 4178 1.
1143 4125 1204 4178 Οὐκ
1223 4122 1380 4194 ἁωελεὺσῌ
1394 4128 1480 4192 (oea)

278 4212 337 4286 trip
356 4209 426 4283 ὁδόμ
445 4229 509 4264 σου.
534 4217 603 4266 Item
622 4232 716 4281 evang.
730 4215 948 4265 Pseudo-natm.
967 4228 1025 4278 cop,
1038 4213 1146 4263 xxlx.=
1172 4214 1230 4264 Noa
1246 4216 1386 4263 revertaris
1401 4231 1483 4264 ranem

279 4304 312 4353 de
329 4304 372 4353 oio
390 4307 443 4352 tuo.
467 4302 549 4352 Nolui
563 4304 653 4352 tamen
666 4302 765 4351 inferre
778 4301 950 4365 negationem
962 4300 1049 4349 invito
1061 4302 1176 4363 utroque
1189 4298 1281 4349 codiee
1295 4313 1376 4362 quum
1390 4301 1480 4349 oratio

280 4390 361 4439 etiam
375 4389 413 4437 sie
426 4403 532 4438 sensnm
546 4386 616 4437 haud
629 4389 750 4451 ineptum
764 4387 873 4437 habeat.

351 4474 415 4524 Filii
431 4478 513 4524 autem
530 4473 613 4523 rostri
630 4474 752 4524 irremoti
764 4476 837 4523 ruat:
853 4472 893 4522 ita
910 4477 1022 4535 uterque
1036 4470 1120 4520 codex
1132 4467 1247 4519 Latinus
1264 4469 1355 4520 habet.
1380 4469 1480 4520 Eoi-nin

279 4563 340 4612 loco
353 4567 466 4626 uterque
478 4561 548 4612 liber
560 4560 676 4612 Graecus
689 4561 737 4624 (ci.
751 4562 768 4609 l.
780 4559 825 4623 l.):
844 4551 881 4607 τὰ
894 4551 949 4623 γὰρ
961 4553 1065 4605 mortio
1079 4553 1166 4623 ripttp
1181 4551 1312 4622 θαματοῖ.

352 4647 383 4697 ln
395 4659 414 4696 1>
425 4648 490 4698 haee
504 4648 626 4707 historia,
639 4663 706 4713 qnae
717 4649 799 4712 capnt
810 4645 889 4694 XXX.
903 4645 997 4703 eflicit,
1011 4645 1141 4709 inscripta
1154 4647 1208 4694 est:
1227 4643 1267 4693 De
1276 4659 1358 4709 prmo
1367 4644 1412 4708 qni
1417 4659 1481 4707 per·

280 4736 358 4810 errait
369 4734 454 4785 Iesum
468 4735 546 4786 morti
563 4736 660 4788 tradito
678 4738 703 4786 rt
714 4733 862 4799 quibudam
874 4733 997 4783 caecitate
1011 4731 1147 4796 pereurris.
1172 4729 1260 4781 Prima
1278 4746 1340 4796 pm
1359 4731 1402 4780 his
1421 4747 1480 4797 per·
