3458 5640
378 612 545 663 rusrosra
567 612 717 664 rossem.
748 612 822 664 crs.
843 613 935 665 xrrx.
954 614 1033 666 xxa
1244 614 1304 679 137

107 763 193 845 ,[ιιιο,
210 762 294 828 licet
310 785 428 829 eorum
446 764 608 831 nonnulli
618 761 758 832 'diutius
767 764 928 848 vixerint,
946 765 1060 833 eidem
1076 765 1304 833 nihilominus

109 867 179 933 isto
202 869 435 952 succubuere,
458 892 523 936 nec
543 870 637 937 ullus
657 870 700 936 de
723 872 809 956 ipsis
831 893 985 956 unquam
1002 871 1103 937 dixit:
1135 872 1211 959 Ego
1233 895 1303 938 non

107 975 241 1059 gustavi
257 980 412 1041 mortem.
451 975 589 1062 Quippe
607 976 768 1043 dominus
792 999 968 1062 nunquam
991 977 1136 1044 eandem
1156 1000 1304 1063 poenam

107 1079 216 1145 infert
230 1080 298 1146 nisi
316 1081 434 1164 semel,
452 1103 528 1146 cum
545 1082 636 1165 patri
653 1103 729 1148 meo
746 1082 921 1166 placuerit
936 1104 1012 1149 eam
1028 1081 1159 1148 homini
1179 1084 1305 1149 immit-

107 1190 191 1251 tere.
221 1185 426 1270 Eodemquc
448 1193 622 1252 momento
644 1187 705 1253 ubi
725 1186 920 1271 procedens
941 1187 1004 1254 illa
1020 1188 1194 1272 conspicit
1212 1210 1306 1253 man·

108 1287 225 1352 datum
246 1288 289 1352 ad
309 1310 345 1353 se
364 1289 581 1354 descendens
599 1291 641 1354 de
659 1290 771 1371 caelo,
794 1290 857 1353 ait:
888 1290 1043 1356 Prodibo
1061 1296 1184 1356 contra
1205 1291 1304 1356 illum

107 1387 307 1471 (hominem,
331 1391 509 1474 ingentem
529 1392 733 1476 excitatura)
753 1393 1028 1458 commotionem.
1058 1393 1158 1458 Tunc
1173 1394 1212 1458 lit
1228 1394 1304 1458 sine

108 1513 202 1559 mora
222 1494 259 1558 in
276 1494 425 1560 animam
442 1497 608 1580 impetus,
632 1501 668 1562 et
684 1496 883 1561 dominatur
903 1496 971 1581 ipsi
988 1500 1119 1583 (mors),
1142 1497 1186 1564 ad
1203 1519 1304 1563 suum

107 1596 289 1665 arbitrium
311 1621 387 1665 cum
409 1600 471 1667 illa
491 1622 608 1684 agens.
653 1601 848 1684 Propterea
869 1601 960 1666 enim
984 1601 1077 1686 quod
1097 1598 1211 1667 Adam
1234 1624 1304 1667 non

107 1703 193 1772 fecit
214 1704 429 1773 voluntatem
453 1708 563 1792 patris
588 1707 656 1773 mei
679 1707 741 1773 secl
763 1712 1002 1793 transgressus
1029 1711 1083 1772 est
1104 1704 1304 1772 mandatum

107 1809 193 1894 eius,
215 1811 362 1878 adirem
382 1818 504 1878 contra
518 1812 617 1877 illum
634 1812 830 1878 concitatus
847 1817 947 1896 pater
962 1832 1059 1876 mens
1077 1831 1155 1876 eum
1172 1809 1308 1875 addixit

107 1915 224 1998 morti,
248 1920 284 1982 et
303 1916 380 2001 (hac
395 1917 542 2000 ratione)
564 1917 722 2000 ingressa
743 1921 797 1981 est
816 1937 908 1981 mors
930 1916 965 1980 in
988 1913 1164 1980 mundum.
1204 1912 1306 1998 Quod

107 2018 137 2084 si
148 2017 724 2105 observassetAdampraeceptum
735 2019 845 2105 pratris
857 2019 935 2102 mei,
953 2039 1131 2102 nunquam
1149 2015 1201 2082 illi
1212 2037 1304 2083 mors

109 2122 303 2209 obtigisset.
342 2123 527 2190 Putatisne
548 2145 601 2189 me
626 2128 745 2209 petere
768 2144 871 2208 posse
893 2127 1031 2209 epatre
1056 2143 1132 2187 meo
1153 2120 1245 2187 bono
1267 2127 1307 2187 ut

108 2226 192 2294 mihi
212 2229 329 2294 mittat
348 2250 485 2293 currum
507 2227 661 2314 igneum,
684 2228 744 2312 qui
766 2227 937 2312 suscipiat
959 2248 1084 2312 corpus
1105 2225 1216 2310 patris
1238 2225 1305 2291 mei

108 2332 249 2419 losephi
271 2333 429 2418 illudque
451 2333 641 2399 transierat
658 2332 693 2399 in
716 2333 830 2399 locum
851 2331 995 2417 quietis,
1018 2336 1057 2397 ut
1076 2329 1213 2396 habitet
1228 2351 1305 2397 cum

107 2437 349 2524 spiritalibus?
383 2438 514 2506 Verum
540 2437 583 2504 ob
609 2439 942 2522 praevaricationem
967 2433 1096 2502 Adami
1122 2434 1306 2502 descondit

107 2542 176 2609 ista
190 2564 356 2608 aerumna
370 2543 536 2609 etmortis
546 2543 714 2608 violentia
729 2544 766 2608 in
777 2543 975 2608 universum
986 2562 1096 2626 genus
1107 2539 1304 2605 humanum.

106 2643 225 2731 Atque
246 2647 332 2713 haec
354 2653 409 2713 est
428 2669 553 2713 caussa
574 2668 635 2712 cur
654 2668 708 2712 me
731 2651 892 2730 oporteat
911 2645 998 2711 mori
1021 2644 1212 2711 secundum
1234 2666 1305 2711 oar·

106 2769 198 2831 nem,
224 2750 411 2834 (nimirum)
432 2773 495 2834 pro
520 2771 624 2834 opere
644 2771 719 2816 meo
742 2753 816 2835 (seu
837 2748 1048 2833 hominibus)
1071 2768 1158 2831 quos
1181 2747 1304 2830 creavi,

105 2855 145 2918 ut
161 2858 422 2938 consequantur
437 2853 613 2938 gratiam.“

560 3064 851 3162 OrrunXXIX.

191 3248 452 3316 Haeclocutus
475 3250 697 3334 amplexabar
718 3273 843 3334 corpus
865 3251 976 3334 patris
997 3250 1064 3315 mei
1087 3251 1246 3335 Iosephi‚
1273 3258 1308 3318 et

105 3353 230 3419 flebam
247 3374 352 3435 super
372 3352 477 3432 illud;
500 3353 652 3437 (reliqui)
668 3375 747 3419 vero
765 3354 905 3418 ianuam
922 3352 1074 3437 sepulcri
1092 3361 1308 3438 aperuerunt

105 3462 142 3522 et
164 3461 399 3540 reposuerunt
427 3478 552 3539 corpus
579 3457 654 3521 eius
683 3456 720 3520 in
746 3478 786 3521 eo
813 3457 910 3522 iuxta
935 3478 1061 3540 corpus
1086 3458 1197 3541 patris
1229 3459 1305 3524 eius
1344 3522 1347 3534 ,

103 3557 235 3626 Iecobi.
272 3558 443 3643 Tempore
466 3564 582 3624 autem
606 3581 673 3643 quo
698 3559 907 3625 obdormivit
929 3558 1093 3644 completi
1115 3560 1183 3644 ipsi
1207 3568 1308 3627 erant

105 3668 245 3729 centum
265 3669 301 3729 et
316 3662 478 3729 undecim
495 3663 588 3728 anni.
624 3662 814 3748 Nunquam
836 3664 904 3748 ipsi
925 3663 1039 3730 doluit
1055 3664 1141 3731 dens
1158 3665 1251 3732 ullus
1268 3667 1304 3732 in

103 3789 162 3835 ore
185 3767 275 3850 eius,
298 3789 362 3832 neo
378 3767 485 3833 hebes
503 3766 641 3833 reddita
657 3767 725 3832 suit
747 3767 927 3834 oculorum
950 3770 1059 3852 acies,
1084 3791 1148 3835 nec
1171 3774 1306 3836 statura

103 3873 178 3938 eius
194 3873 351 3953 incurva,
374 3892 488 3955 neque
506 3870 735 3936 decreverunt
749 3871 854 3939 vires:
879 3872 940 3937 sed
958 3894 1098 3957 operam
1115 3873 1213 3938 dedit
1237 3875 1304 3939 arti

103 3975 221 4042 fabrili
237 3975 407 4060 lignariae
430 3996 540 4059 usque
562 3974 606 4040 ad
629 3981 819 4040 extremum
835 3976 926 4041 vitae
944 3997 1027 4042 suae
1045 3976 1147 4042 diem.
1183 3977 1231 4041 Et
1245 3976 1304 4043 hic

103 4079 178 4145 dies
195 4084 271 4146 erat
287 4084 405 4144 sextus
423 4084 458 4143 et
474 4078 660 4161 vigesimus
678 4079 831 4162 (mensis)
848 4078 954 4144 Abib.

568 4317 690 4386 Oscor
712 4317 838 4384 XXX.

187 4473 262 4543 Nos
278 4497 357 4543 vero
378 4474 530 4561 apostoli
546 4474 606 4540 ubi
624 4475 714 4561 (ista)
732 4474 926 4541 audivimus
943 4496 964 4540 a
980 4481 1154 4542 servatore
1172 4480 1301 4558 nostro,

104 4579 188 4647 laeti
210 4581 422 4647 surreximus
448 4586 484 4647 et
504 4601 615 4664 prono
642 4601 786 4663 corpore
812 4580 879 4664 ipsi
904 4577 1071 4646 honorem
1098 4577 1300 4645 exhibentes

106 4683 268 4750 diximus:
293 4684 322 4752 Ο
335 4690 489 4751 servator
500 4688 629 4766 nostor,
641 4690 735 4750 tuam
747 4684 848 4749 nobis
860 4682 1022 4750 exhibeto
1034 4684 1194 4769 gratiam:
1207 4684 1302 4767 equi·

106 4787 182 4854 dem
200 4810 292 4854 nunc
311 4788 505 4854 audivimus
522 4809 715 4855 sermonem
730 4787 832 4852 vitae.
866 4787 1036 4852 Miramur
1051 4791 1179 4868 tamen,
1196 4807 1215 4852 o
1232 4807 1302 4852 ser·
