3458 5640
644 591 820 643 vnvmern
840 591 1063 644 seuvaroms.
1392 588 1458 654 ’473

261 741 436 806 sanitatem
467 740 657 825 pristinam,
690 741 803 808 multis
835 742 933 810 bonis
965 764 1136 828 erogarem
1167 748 1208 808 te.
1249 742 1278 782 ·⁰
1297 741 1459 828 Dixitque

263 840 293 906 ei
314 838 449 907 Nathan
473 840 613 927 Nescio,
641 863 747 928 neque
776 844 856 909 talia
882 843 973 926 novi,
1002 842 1147 925 domine,
1175 843 1286 928 qualia
1312 848 1349 908 tu
1378 844 1458 911 mihi

263 945 353 1012 dicis.
398 945 465 1014 Sed
492 953 604 1014 tamen
631 948 659 1014 si
686 949 804 1015 luisses
833 949 1014 1033 praeterito
1043 956 1190 1032 tempore
1213 948 1247 1013 in
1269 949 1459 1034 Ierusalem,

262 1049 308 1114 ibi
336 1051 518 1117 invenisses
547 1053 686 1119 electum
715 1053 924 1137 prophetam,
957 1053 1010 1118 eui
1039 1075 1157 1119 nomen
1187 1058 1257 1119 erat
1279 1055 1460 1120 Emanuel:

262 1154 333 1236 ipse
356 1156 444 1220 enim
467 1155 592 1221 erilium
615 1157 715 1224 faciet
737 1158 894 1240 populum
920 1158 1104 1241 apeeeatis
1133 1179 1255 1223 eorum.
1300 1157 1367 1243 Qui
1394 1159 1461 1242 pri·

263 1278 352 1322 munr
377 1259 507 1341 signum
531 1259 565 1324 in
588 1260 681 1327 Cana
704 1260 855 1329 Galileae
879 1260 918 1325 de
941 1282 1028 1344 aqua
1049 1260 1160 1325 vinnm
1184 1260 1275 1341 lecit,
1304 1266 1338 1327 et
1359 1261 1459 1327 verbo

263 1383 323 1426 suo
353 1362 503 1446 leprosos
531 1364 714 1445 mundavit,
746 1371 823 1431 nato
854 1386 951 1430 caeco
983 1365 1097 1430 oculos
1125 1364 1334 1448 illuminavit,
1366 1387 1460 1449 para·

262 1464 383 1548 lytieos
416 1467 559 1548 sanavit,
590 1466 764 1533 daemones
794 1467 962 1552 effugavit,
994 1474 1061 1534 tres
1093 1474 1239 1534 mortuos
1271 1469 1461 1534 suscitavit:

264 1568 436 1634 mulierem
469 1568 502 1634 in
535 1570 697 1636 adulterio
731 1571 981 1655 deprehensam,
1012 1571 1190 1637 iudicatam
1218 1593 1238 1636 a
1264 1571 1398 1638 Iudaeis
1425 1576 1462 1638 ut

265 1672 481 1757 lapidaretur,
511 1674 681 1741 liberavit:
714 1681 747 1741 et
776 1676 873 1740 aliam
901 1677 1072 1741 mulierem
1100 1676 1233 1741 nomine
1261 1676 1462 1744 Veronieam

267 1795 351 1856 quae
379 1776 548 1860 sanguinis
574 1776 699 1842 fluxum
728 1778 917 1861 patiebatur
941 1777 1112 1843 duodecim
1141 1778 1236 1867 annis
1264 1783 1297 1843 et
1324 1779 1464 1845 accessit

267 1877 309 1943 ad
336 1901 410 1944 eum
436 1885 526 1946 retro
555 1888 588 1946 et
615 1882 726 1966 tetigit
753 1882 916 1947 fimbriam
943 1882 1130 1947 vestimenti
1159 1881 1244 1962 eius,
1276 1887 1309 1948 et
1336 1884 1465 1948 sanavit

268 2001 356 2046 eam:
399 1989 433 2048 et
468 1983 508 2049 de
544 1986 689 2070 quinque
725 1986 865 2070 panibus
903 1991 936 2052 et
973 1985 1101 2052 duobus
1137 1986 1283 2070 piscibus
1318 1978 1464 2073 quinque

268 2086 374 2152 millia
404 2087 574 2155 hominum
606 2091 752 2171 satiavit,
784 2091 931 2176 exeeptis
957 2091 1106 2176 parvulis
1133 2095 1166 2157 et
1193 2090 1401 2176 mulieribus,
1432 2097 1465 2158 et

268 2199 498 2258 remanserunt
526 2193 565 2260 do
593 2194 787 2280 fragmentis
810 2194 983 2262 duodecim
1010 2188 1183 2281 scophiniz'
1212 2183 1277 2263 ista
1300 2195 1410 2265 omnia
1432 2201 1466 2265 et

270 2299 336 2365 alia
358 2299 462 2363 multa
484 2304 560 2364 ante
589 2320 680 2364 suam
710 2299 898 2384 passionem
927 2299 1093 2384 completa
1120 2305 1205 2366 sunt.
1250 2300 1333 2367 Post
1360 2322 1466 2366 resur-

270 2403 449 2469 rer-‚tionem
488 2425 582 2468 suam
617 2403 758 2469 vidimus
796 2425 870 2469 eum
908 2402 943 2469 in
980 2425 1078 2470 cerne
1115 2401 1201 2469 sicut
1228 2401 1312 2470 'ante
1349 2402 1466 2470 fuerat.

273 2506 399 2572 ⁷Dixit
426 2511 535 2572 autem
563 2506 660 2573 Titus
688 2507 730 2573 ad
759 2529 832 2573 eum
855 2505 1030 2591 Quomodo
1059 2504 1242 2572 resurrexit
1269 2528 1289 2573 a
1316 2504 1467 2588 mortuis,

271 2612 349 2696 quia
379 2617 528 2677 mortuus
559 2611 647 2677 fuit?
691 2610 911 2696 Respondens
942 2617 1052 2677 autem
1082 2606 1218 2676 Nathan
1250 2609 1333 2675 dixit
1360 2609 1467 2675 Mani-

269 2716 352 2781 feste
381 2720 533 2781 mortuus
561 2715 625 2780 fuit
653 2723 686 2780 et
713 2716 747 2779 in
777 2737 873 2780 eruce
901 2711 1080 2798 suspensus
1107 2708 1285 2779 etiterum
1308 2713 1348 2778 de
1371 2733 1468 2778 oruoe

270 2816 454 2901 depositus,
485 2820 519 2882 et
547 2837 607 2900 per
634 2822 702 2882 tres
730 2816 800 2882 dies
829 2816 934 2882 iacuit
961 2816 996 2880 in
1019 2816 1191 2899 sepulcro:
1221 2814 1338 2881 deinde
1360 2835 1469 2880 resur·

270 2922 357 2986 rexit
384 2942 404 2986 a
432 2920 587 3001 mortuis,
616 2925 650 2986 et
671 2919 843 2987 deseendit
869 2919 912 2986 ad
941 2919 1119 3000 infernum,
1148 2924 1181 2984 et
1207 2918 1413 3002 patriarchas
1437 2922 1470 2982 et

271 3023 450 3107 prophetas
473 3029 507 3089 et
529 3045 625 3091 omne
647 3047 751 3110 genus
773 3025 954 3090 humanum
976 3022 1145 3089 liberavit:
1174 3021 1292 3088 deinde
1314 3019 1470 3105 apparuit

272 3128 444 3211 discipulis
473 3129 541 3194 suis
569 3134 602 3196 et
628 3129 841 3195 manducavit
869 3127 1049 3193 cumillis:
1082 3126 1198 3195 deinde
1220 3125 1373 3192 viderunt
1396 3146 1471 3190 eum

274 3232 506 3297 ascendentem
534 3234 568 3297 in
593 3234 729 3298 coelum.
773 3232 820 3297 nt
848 3232 895 3296 sie
923 3231 1046 3296 veritas
1075 3237 1137 3313 est,
1165 3230 1228 3295 hoo
1257 3249 1353 3294 omne
1382 3227 1471 3312 quod

361 3492 386 3540 6.
410 3490 503 3541 Nescio
521 3521 530 3531 -
548 3492 610 3541 mili
626 3493 706 3541 dieis:
730 3492 856 3541 similitor
874 3489 949 3540 ASex
970 3490 991 3539 0
1009 3489 1107 3539 domim
1116 3489 1166 3546 mi,
1187 3503 1233 3552 epo
1250 3504 1299 3538 aon
1313 3503 1416 3551 possam
1434 3489 1471 3538 ia·

275 3577 360 3624 venire
378 3576 458 3625 ullam
476 3593 529 3626 rem
547 3579 677 3637 eiusmodi,
695 3595 773 3643 neque
790 3578 848 3628 neni
866 3577 956 3627 talium
974 3577 1107 3640 quiequam
1122 3571 1127 3636 Ι
1142 3560 1377 3624 Emanuele'ASn
1395 3573 1474 3624 dome·

275 3679 322 3711 nee
340 3667 411 3713 Iesus
425 3665 559 3722 caraem
578 3665 629 3727 Qui
643 3666 753 3729 primm
771 3665 869 3730 riporum
887 3665 914 3713 io
934 3664 1004 3712 Omna
1023 3662 1093 3725 (Ven
1107 3661 1178 3725 cena)
1200 3661 1261 3712 eal.
1273 3662 1305 3712 de
1321 3677 1389 3727 aque
1401 3660 1473 3726 (Van

274 3747 326 3796 add
339 3748 378 3810 in)
398 3750 481 3798 ninum
490 3751 561 3815 serit
579 3782 588 3791 -
607 3750 720 3814 leprosos
737 3750 868 3798 mandauit
885 3775 895 3785 ·
909 3748 1027 3813 paralyt.
1042 3748 1144 3797 sonavit
1162 3745 1203 3811 (in
1223 3747 1281 3811 ipso
1300 3746 1392 3797 codiee
1411 3761 1473 3797 vero

275 3839 317 3882 est
336 3833 428 3896 lepros.
448 3836 549 3884 satiavit
568 3835 681 3898 -poral
700 3833 830 3895 mundae.)
849 3865 858 3874 -
877 3834 904 3883 io
923 3833 1019 3896 (codex
1038 3832 1081 3894 de)
1099 3832 1229 3883 adulterio
1248 3864 1257 3873 -
1276 3836 1301 3882 et
1319 3833 1404 3897 tetiptt
1414 3829 1473 3892 fim·

275 3919 356 3966 lmiom
375 3918 426 3980 (ita
445 3920 525 3978 llmb;
550 3921 607 3969 Vno
627 3920 712 3983 tetipit
730 3937 783 3969 estro
800 3918 944 3985 fimbriam)
963 3944 973 3954 ·
992 3922 1017 3967 et
1034 3918 1137 3967 sanauit
1157 3933 1212 3966 eam
1236 3916 1286 3980 (sic
1305 3917 1385 3977 Amb3
1409 3916 1473 3967 item

276 4006 333 4054 Vou
353 4007 450 4054 omisso
470 4006 534 4068 eam)
553 4032 563 4041 ·
582 4006 707 4071 completo
724 4013 782 4056 mot
800 4042 827 4056 ..
846 4006 921 4055 ASnx
940 4005 1046 4055 brevius
1065 4005 1118 4054 sie:
1138 4008 1213 4069 atque
1230 4004 1306 4053 stiam
1325 4002 1475 4068 (praeeedit

275 4091 317 4137 Ιιίσ
335 4089 389 4150 ipae
406 4090 503 4137 salomo
519 4090 589 4155 fecit
610 4090 731 4153 populum
748 4104 818 4138 mum
836 4106 853 4137 a
871 4088 986 4151 peucetio
1004 4085 1101 4147 eorum)
1126 4102 1171 4136 mo
1193 4087 1267 4136 verbo
1289 4085 1420 4135 mundavit
1440 4085 1474 4135 le·

274 4191 367 4239 prem
385 4179 409 4222 et
426 4174 583 4224 illuminavit
597 4179 721 4223 recenset
733 4174 994 4223 reuocauitmortues.
1025 4171 1064 4220 Et
1076 4172 1198 4236 quaedam
1208 4171 1311 4235 semina
1324 4168 1476 4245 poliebam

271 4263 374 4325 fluxum
391 4262 523 4326 campomis
540 4262 671 4311 duodecim
689 4263 788 4318 tieem,
806 4259 903 4309 mortiise
920 4259 1053 4316 Veronico,
1071 4263 1096 4307 et
1114 4240 1308 4307 accessit'retro
1327 4255 1362 4305 ad
1379 4269 1433 4305 eum
1450 4259 1476 4305 et

278 4347 362 4410 tetipit
378 4345 511 4406 fimbriam
530 4346 670 4396 vestimenti
688 4346 750 4403 eim,
771 4348 797 4394 et
815 4344 886 4394 illico
901 4360 950 4409 per
967 4343 1013 4392 loe
1030 4345 1124 4392 sonata
1141 4345 1188 4391 est.
1224 4339 1264 4389 Et
1280 4338 1387 4389 satiavit
1405 4339 1475 4405 qaia·

278 4449 325 4497 que
342 4432 426 4481 rivillia
443 4433 571 4483 homiaem
589 4435 697 4497 putoque
717 4430 827 4495 panibus
844 4432 870 4479 et
886 4427 982 4478 duobus
997 4426 1118 4491 piscibus.
1155 4427 1239 4491 Atque
1256 4425 1318 4474 lose
1335 4424 1420 4474 omnia
1438 4427 1476 4474 at·

280 4539 326 4588 que
340 4521 421 4585 pluro
438 4518 494 4569 alia
512 4519 646 4585 complevit
664 4522 723 4568 aitte
741 4534 812 4568 suam
826 4519 979 4582 passionem.

365 4609 390 4658 7.
417 4608 493 4657 Dixit
511 4611 594 4656 autem
612 4605 684 4655 litus
702 4610 745 4655 eto
764 4620 795 4654 ex
815 4604 894 4662 Amb;
914 4602 971 4652 Ven
991 4602 1042 4651 sic:
1066 4601 1143 4650 Dixit
1160 4604 1243 4649 autem
1262 4598 1337 4647 etiam
1356 4596 1477 4662 quomodo

280 4695 421 4745 resurrexit
440 4711 456 4742 a
474 4694 580 4744 mortuis
598 4697 622 4743 et
635 4691 755 4757 quomodo
774 4691 871 4741 occisor
880 4689 938 4754 fuit
955 4693 981 4738 et
998 4688 1025 4736 in
1043 4703 1116 4737 mee
1134 4700 1267 4750 suspensus
1286 4714 1295 4724 -
1314 4684 1354 4746 (in
1367 4683 1409 4732 his
1423 4697 1478 4732 non
