3458 5640
261 589 325 654 104
388 585 721 640 esnone-maumam
741 585 980 638 evomentium.
1008 588 1080 640 CAP.
1099 586 1218 639 XXXIV.
1236 585 1339 636 XXXV.

703 834 823 904 anur
846 837 1024 908 XXXIV.

350 1011 483 1078 Iterum
500 1008 649 1096 quadam
666 1009 722 1075 die
745 1011 851 1078 exivit
871 1013 1044 1097 inagnum
1066 1017 1101 1079 et
1116 1011 1199 1078 tulit
1213 1032 1334 1096 parum
1350 1011 1466 1077 tritici

263 1117 307 1184 dc
325 1116 450 1183 horreo
466 1116 587 1182 matris
605 1136 704 1199 snae,
727 1122 762 1181 et
781 1115 870 1181 illud
891 1117 966 1201 ipse
987 1118 1178 1183 seminavit.
1208 1116 1256 1182 Et
1271 1123 1390 1182 natum
1408 1122 1465 1182 est

264 1231 300 1289 et
323 1221 431 1288 crevit
449 1227 485 1287 et
505 1218 776 1304 multiplicatum
798 1227 852 1286 est
873 1222 986 1287 nimis.
1018 1221 1066 1286 Et
1084 1221 1213 1288 iactum
1235 1227 1288 1286 est
1308 1219 1462 1304 denique

263 1333 303 1394 ut
319 1328 394 1413 ipse
411 1330 569 1405 meteret,
588 1330 624 1389 et
640 1321 783 1407 collegit
798 1324 932 1390 fructus
951 1345 991 1390 ex
1009 1346 1049 1391 eo
1065 1333 1137 1393 tres
1154 1325 1287 1407 choros,
1305 1332 1340 1390 et
1355 1323 1469 1391 doua-

262 1430 312 1495 vit
328 1425 584 1511 multiplicibus
602 1427 685 1491 suis.

714 1643 834 1713 Carnu
856 1646 1015 1717 XXXV.

349 1821 416 1888 Est
430 1821 485 1887 via
496 1839 584 1904 quae
602 1820 674 1885 exit
689 1820 731 1884 de
742 1818 880 1886 Iericho
898 1820 1064 1886 attendit
1079 1821 1121 1887 ad
1133 1820 1293 1887 Iordanis
1310 1819 1467 1904 flvrvium,

264 1925 325 1993 ubi
347 1925 565 1991 transierunt
589 1921 652 1987 filii
672 1921 797 1988 Israel:
825 1921 875 1986 ibi
896 1943 978 1988 arca
999 1924 1201 1989 testamenti
1222 1922 1351 1989 dicitur·
1370 1945 1465 1990 rese·

264 2028 369 2095 disse.
413 2027 462 2094 Et
484 2033 560 2092 erat
580 2024 682 2090 Iesus
708 2046 877 2091 annorum
899 2033 977 2092 octo
1000 2034 1036 2093 et
1057 2028 1162 2093 exivit
1182 2028 1224 2092 dc
1246 2027 1401 2109 Iericho,
1428 2033 1464 2092 et

265 2131 339 2199 ibat
358 2130 402 2196 ad
418 2128 615 2196 Iordanem.
646 2127 694 2192 Et
716 2134 791 2193 erat
806 2149 907 2194 secus
923 2130 1012 2194 viam
1035 2137 1155 2215 crypta
1174 2151 1282 2213 prope
1299 2129 1463 2195 Iordanis

265 2237 374 2320 ripam
391 2234 452 2298 ubi
469 2233 593 2297 leaena
603 2230 738 2296 catulos
756 2231 949 2312 nutriebat3
967 2237 1003 2297 et
1018 2232 1136 2298 nullus
1152 2233 1464 2316 poteratperviam

264 2358 408 2403 securus
430 2334 619 2401 ambulare.
657 2332 814 2400 Veniens
836 2340 951 2399 autem
973 2334 1073 2400 Iesus
1097 2335 1139 2400 de
1160 2333 1314 2416 Iericho,
1336 2354 1465 2417 cogno-

264 2460 364 2505 scens
382 2438 475 2523 quod
493 2438 528 2502 in
547 2441 666 2519 crypta
681 2434 744 2521 illa
759 2435 883 2502 leaena
898 2435 989 2503 filios
1007 2458 1088 2504 suos
1105 2442 1322 2522 generasset,
1344 2435 1464 2502 videu-

262 2543 357 2611 tlhus
375 2541 511 2608 cunctis
527 2539 686 2605 introivit
702 2540 737 2604 in
756 2560 841 2606 eam.
875 2538 926 2606 At
940 2541 1001 2606 ubi
1016 2542 1180 2608 viderunt
1194 2541 1315 2607 leones
1331 2539 1465 2624 Iesum,

264 2653 494 2717 crucnrrorunt
509 2644 540 2711 ei
557 2642 690 2710 obviam
709 2649 744 2710 et
759 2643 992 2711 adoraverunt
1008 2667 1096 2712 eum.
1135 2645 1183 2712 Iit
1198 2644 1299 2712 Iesus
1316 2644 1465 2711 sedebat

264 2753 480 2831 hicmarus,
508 2754 543 2814 et
563 2747 671 2813 catuli
692 2747 831 2814 leonum
856 2749 1099 2817 discurrebant
1124 2752 1216 2816 circa
1239 2748 1348 2835 pedes
1373 2751 1468 2831 eius,

264 2852 486 2923 blandientes
513 2871 589 2916 cum
616 2870 656 2916 eo
682 2857 718 2916 et
741 2849 914 2916 ludentes
953 2850 1091 2919 Leones
1116 2872 1195 2918 vero
1222 2852 1378 2919 seniores
1405 2851 1468 2919 de·

264 2957 369 3027 urvisso
392 2954 506 3040 capite
529 2974 549 3019 a
570 2952 673 3036 louge
696 2953 837 3019 stabant
858 2960 893 3020 et
912 2954 1144 3021 adoraverunt
1165 2976 1257 3038 enm,
1283 2960 1320 3020 et
1340 2956 1465 3021 caudis

266 3063 338 3129 ruris
354 3057 630 3128 blandiebantur
648 3062 728 3122 ante
748 3078 836 3123 eum.
873 3056 973 3124 Tunc
989 3060 1140 3143 populus
1158 3060 1218 3145 qui
1240 3060 1379 3142 alonge
1396 3066 1469 3123 sta-

267 3166 337 3247 bnt,
356 3184 423 3230 uon
441 3160 561 3226 videns
578 3157 705 3241 Iesum,
723 3160 824 3225 dixit:
855 3160 925 3228 Hic
942 3164 1010 3229 nisi
1027 3164 1144 3247 gravia
1160 3162 1305 3229 fecisset
1319 3169 1464 3244 peccata

339 3305 344 3309 .
362 3301 480 3313 ...-.-—-

337 3371 453 3426 xxxiv.
472 3368 657 3432 multiplicibus
673 3371 740 3418 ruis:
762 3370 801 3419 ita
818 3371 946 3442 scriptum
966 3377 1007 3420 est
1027 3371 1054 3420 in
1074 3370 1209 3421 codices.
1248 3371 1287 3421 Cf.
1308 3374 1378 3423 infra
1397 3389 1466 3438 quaa

268 3463 359 3515 lvnrnlu
375 3461 433 3509 ioco
448 3458 476 3508 lu
490 3454 547 3505 cod.
561 3455 725 3519 releguntur.
751 3454 782 3504 In
796 3455 847 3504 hoc
859 3459 949 3504 autam
962 3456 1054 3505 codice
1068 3456 1188 3519 hydmens
1203 3465 1408 3521 conquassatum
1423 3476 1466 3509 ox·

267 3546 372 3613 ulplunt
391 3542 559 3594 rvsrrotiones
579 3538 612 3588 dc
629 3555 717 3588 morsu
737 3542 843 3603 viperae
863 3544 891 3589 at
904 3540 937 3588 dc
951 3540 1102 3603 passeribus
1122 3556 1152 3589 cx
1166 3542 1223 3589 luto
1237 3543 1326 3590 factis.
1351 3544 1415 3592 Tum
1434 3560 1466 3594 es

268 3646 335 3700 syrino
349 3637 391 3681 ost
404 3627 437 3679 de
451 3625 544 3677 tultlco
557 3625 686 3688 sequitur,
700 3624 742 3673 his
756 3629 887 3688 concepta
900 3625 1001 3674 vorbis:
1029 3625 1087 3672 Gom
1099 3629 1164 3673 earet
1176 3625 1248 3674 Iesus
1259 3642 1381 3676 canoram
1393 3630 1465 3692 qain-

267 3716 354 3773 ulsolm,
369 3711 477 3780 quodam
490 3709 531 3760 dle
543 3708 604 3759 tulit
616 3709 727 3758 triticam
736 3709 866 3758 dedomo
875 3709 966 3759 matris
977 3725 1038 3758 ruoe
1051 3706 1104 3773 [et]
1118 3711 1256 3778 scvnlaoor'l.
1277 3711 1357 3760 Aliud
1367 3711 1465 3775 (codex

268 3802 345 3862 vllvrl)
358 3814 434 3863 sopor
443 3799 546 3861 petram
558 3795 657 3853 cecidit,
671 3795 736 3859 qood
748 3795 873 3845 hommem
884 3810 933 3844 noa
942 3795 1043 3852 valovrs
1057 3795 1130 3844 aliud
1141 3797 1169 3844 in
1182 3801 1276 3845 terram
1289 3797 1385 3856 bonoso,
1398 3800 1466 3862 qvod

268 3894 353 3943 ovetum
367 3889 417 3943 nt,
435 3887 459 3934 ot
478 3896 509 3931 ec
527 3896 554 3930 eo
567 3879 670 3944 collegit
682 3885 779 3931 oculum
790 3881 876 3930 cordes
888 3882 970 3930 trilici
982 3886 1148 3931 mensuratos.
1179 3881 1284 3931 Voconii
1293 3899 1422 3948 pauperos
1434 3902 1466 3933 oc

267 3972 375 4031 llabllu,
392 3970 483 4021 olvluas
499 3967 678 4031 scarponnae,
697 3971 722 4016 et
739 3968 775 4016 eir
787 3968 899 4016 triticum
911 3968 1039 4031 croyaailr
1055 3967 1099 4016 sed
1112 3964 1219 4032 [otiam]
1233 3968 1323 4032 Ioseph
1342 3969 1376 4018 ad
1388 3971 1466 4035 impe·

268 4072 333 4113 vtum
352 4057 431 4123 lyvrlur
449 4052 510 4104 tulit
521 4052 642 4102 modicum
655 4067 706 4116 pro
719 4052 888 4101 bendictione
905 4053 931 4100 r'n
943 4052 1015 4102 domo
1027 4068 1081 4101 roo.
1106 4051 1146 4101 Cf.
1160 4069 1254 4118 evang.
1267 4054 1359 4104 Thom.
1372 4055 1465 4105 Latin.

269 4162 325 4213 says.
342 4142 379 4199 Χ..
393 4140 435 4191 orvi
447 4138 527 4190 etlam
540 4137 730 4201 adscripsimus
743 4151 811 4201 quse
824 4137 1004 4186 consimilius>
1017 4137 1136 4200 praebet.

341 4222 441 4279 lxxv.
462 4222 534 4273 llaec
553 4222 586 4271 dc
605 4227 699 4285 crypta
717 4222 824 4270 leonum
841 4221 960 4270 narratio
979 4221 1007 4270 in
1021 4221 1112 4271 ecdico
1125 4233 1142 4269 u
1156 4236 1208 4270 non
1222 4222 1329 4286 legitur.
1353 4223 1469 4288 Legitur

271 4330 331 4369 varo
346 4312 372 4365 lu
388 4320 404 4361 n
418 4307 510 4359 oudloc
524 4321 554 4358 co
568 4307 657 4370 capite
671 4304 742 4370 quod
755 4306 913 4370 inscriptum
927 4312 984 4356 ests
1010 4304 1136 4367 Quomodo
1150 4304 1286 4369 (Quaado)
1299 4307 1371 4357 Iecur
1382 4309 1469 4357 intro·

270 4404 306 4452 ull
318 4402 343 4453 la
358 4398 469 4465 cryptam
483 4391 604 4443 bonum.

345 4482 390 4537 lisl
401 4481 441 4532 ndu
455 4504 462 4519 ·
476 4478 576 4530 iberico
590 4503 597 4515 ·
611 4477 653 4526 uli
665 4479 744 4527 archo
757 4504 765 4514 ·
779 4494 902 4528 annorvm
910 4482 1003 4542 septem
1015 4481 1040 4527 st
1051 4479 1114 4527 exiit
1125 4478 1155 4526 de
1165 4478 1266 4528 Ilerv'co
1279 4504 1287 4514 ·
1301 4479 1372 4529 Erat
1383 4484 1470 4530 uatem

272 4588 340 4625 savum
356 4594 359 4599 ·
374 4583 421 4637 yur
433 4567 499 4619 olom
511 4564 584 4615 illam
598 4590 605 4602 ·
624 4563 731 4614 Veniens
743 4570 825 4615 ostem
836 4566 867 4615 da
882 4565 982 4615 Ilerioo
995 4565 1067 4615 Iesus
1079 4569 1104 4615 et
1116 4581 1264 4630 cognoscens
1275 4566 1336 4631 quio
1348 4592 1357 4604 ·
1370 4569 1471 4617 coactis

272 4656 411 4713 culmellas
428 4656 454 4705 le
471 4652 654 4705 curvaverant
667 4677 676 4689 ·
689 4656 854 4702 occurrerunt
865 4652 889 4700 ei
901 4653 998 4702 odviam
1011 4679 1019 4689 ·
1034 4652 1107 4703 Iesus
1118 4657 1200 4701 autem
1213 4678 1222 4690 ·
1234 4653 1320 4702 blond.
1334 4657 1359 4703 st
1371 4653 1470 4703 ludent.

271 4762 324 4801 nuru
343 4762 378 4797 arr.
408 4740 501 4794 laum
518 4753 577 4790 coro
593 4738 699 4788 demisso
717 4762 726 4775 ·
743 4738 887 4788 adorabant
900 4765 909 4776 ·
922 4744 947 4789 et
964 4755 1013 4789 noa
1031 4738 1118 4788 cidem
1135 4739 1184 4788 Ier.
1202 4738 1303 4789 dicebat
1314 4764 1323 4776 ·
1336 4739 1471 4790 obtulisset
