<?xml version="1.0" encoding="UTF-8"?>
<!DOCTYPE html PUBLIC "-//W3C//DTD XHTML 1.0 Transitional//EN"
    "http://www.w3.org/TR/xhtml1/DTD/xhtml1-transitional.dtd">
<html xmlns="http://www.w3.org/1999/xhtml" xml:lang="en" lang="en">
 <head>
  <title>
</title>
<meta http-equiv="Content-Type" content="text/html;charset=utf-8" />
  <meta name='ocr-system' content='tesseract 3.04.00' />
  <meta name='ocr-capabilities' content='ocr_page ocr_carea ocr_par ocr_line ocrx_word'/>
</head>
<body>
  <div class='ocr_page' id='page_1' title='image "./evangeliaapocry02tiscgoog_0493.png"; bbox 0 0 3458 5640; ppageno 0'>
   <div class='ocr_carea' id='block_1_1' title="bbox 266 569 1036 637">
    <p class='ocr_par' dir='ltr' id='par_1_1' title="bbox 266 569 1036 637">
     <span class='ocr_line' id='line_1_1' title="bbox 266 569 1036 637; baseline -0.017 0"><span class='ocrx_word' id='word_1_1' title='bbox 266 575 328 637; x_wconf 74' lang='lat'><strong>378</strong></span> <span class='ocrx_word' id='word_1_2' title='bbox 521 569 523 577; x_wconf 83' lang='grc'><em>’</em></span> <span class='ocrx_word' id='word_1_3' title='bbox 701 575 809 625; x_wconf 77' lang='lat' dir='ltr'><strong>susm</strong></span> <span class='ocrx_word' id='word_1_4' title='bbox 828 575 956 627; x_wconf 79' lang='lat' dir='ltr'><strong>mmm.</strong></span> <span class='ocrx_word' id='word_1_5' title='bbox 981 576 1036 626; x_wconf 87' lang='lat' dir='ltr'><strong>xv.</strong></span> 
     </span>
    </p>
   </div>
   <div class='ocr_carea' id='block_1_2' title="bbox 262 719 1462 2465">
    <p class='ocr_par' dir='ltr' id='par_1_2' title="bbox 262 719 1462 2249">
     <span class='ocr_line' id='line_1_2' title="bbox 265 719 1462 809; baseline -0.005 -19"><span class='ocrx_word' id='word_1_6' title='bbox 265 724 360 809; x_wconf 82' lang='lat' dir='ltr'><strong>seph,</strong></span> <span class='ocrx_word' id='word_1_7' title='bbox 392 745 474 808; x_wconf 89' lang='lat' dir='ltr'><strong>quos</strong></span> <span class='ocrx_word' id='word_1_8' title='bbox 503 724 634 807; x_wconf 87' lang='lat' dir='ltr'><strong>etipse</strong></span> <span class='ocrx_word' id='word_1_9' title='bbox 661 721 782 806; x_wconf 87' lang='lat' dir='ltr'><strong>Ioseph</strong></span> <span class='ocrx_word' id='word_1_10' title='bbox 812 730 950 790; x_wconf 89' lang='lat' dir='ltr'><strong>noverat</strong></span> <span class='ocrx_word' id='word_1_11' title='bbox 980 724 1115 806; x_wconf 86' lang='lat' dir='ltr'><strong>amicos,</strong></span> <span class='ocrx_word' id='word_1_12' title='bbox 1146 728 1180 787; x_wconf 88' lang='lat' dir='ltr'><strong>et</strong></span> <span class='ocrx_word' id='word_1_13' title='bbox 1208 719 1322 785; x_wconf 88' lang='lat' dir='ltr'><strong>dicunt</strong></span> <span class='ocrx_word' id='word_1_14' title='bbox 1353 719 1462 786; x_wconf 84' lang='lat' dir='ltr'><strong>archi·</strong></span> 
     </span>
     <span class='ocr_line' id='line_1_3' title="bbox 265 822 1461 910; baseline -0.001 -20"><span class='ocrx_word' id='word_1_15' title='bbox 265 847 451 910; x_wconf 83' lang='lat' dir='ltr'><strong>synagogae</strong></span> <span class='ocrx_word' id='word_1_16' title='bbox 474 833 508 891; x_wconf 88' lang='lat' dir='ltr'><strong>et</strong></span> <span class='ocrx_word' id='word_1_17' title='bbox 529 824 717 891; x_wconf 80' lang='lat' dir='ltr'><strong>sacerdotes</strong></span> <span class='ocrx_word' id='word_1_18' title='bbox 741 834 775 890; x_wconf 90' lang='lat' dir='ltr'><strong>et</strong></span> <span class='ocrx_word' id='word_1_19' title='bbox 796 824 936 892; x_wconf 85' lang='lat' dir='ltr'><strong>Levitae</strong></span> <span class='ocrx_word' id='word_1_20' title='bbox 959 824 1001 891; x_wconf 85' lang='lat' dir='ltr'><strong>ud</strong></span> <span class='ocrx_word' id='word_1_21' title='bbox 1023 825 1112 889; x_wconf 88' lang='lat' dir='ltr'><strong>illos:</strong></span> <span class='ocrx_word' id='word_1_22' title='bbox 1139 822 1276 892; x_wconf 88' lang='lat' dir='ltr'><strong>Videte:</strong></span> <span class='ocrx_word' id='word_1_23' title='bbox 1298 824 1327 888; x_wconf 89' lang='lat' dir='ltr'><strong>si</strong></span> <span class='ocrx_word' id='word_1_24' title='bbox 1350 843 1461 889; x_wconf 89' lang='lat' dir='ltr'><strong>susce·</strong></span> 
     </span>
     <span class='ocr_line' id='line_1_4' title="bbox 264 927 1461 1016; baseline -0.003 -19"><span class='ocrx_word' id='word_1_25' title='bbox 264 932 351 1016; x_wconf 87' lang='lat' dir='ltr'><strong>perit</strong></span> <span class='ocrx_word' id='word_1_26' title='bbox 378 930 552 1013; x_wconf 87' lang='lat' dir='ltr'><strong>epistolam</strong></span> <span class='ocrx_word' id='word_1_27' title='bbox 579 935 613 994; x_wconf 89' lang='lat' dir='ltr'><strong>et</strong></span> <span class='ocrx_word' id='word_1_28' title='bbox 639 930 758 1013; x_wconf 85' lang='lat' dir='ltr'><strong>legerit</strong></span> <span class='ocrx_word' id='word_1_29' title='bbox 785 952 870 1014; x_wconf 84' lang='lat' dir='ltr'><strong>earn,</strong></span> <span class='ocrx_word' id='word_1_30' title='bbox 902 951 961 1014; x_wconf 92' lang='lat' dir='ltr'><strong>pro</strong></span> <span class='ocrx_word' id='word_1_31' title='bbox 985 936 1074 997; x_wconf 89' lang='lat' dir='ltr'><strong>certo</strong></span> <span class='ocrx_word' id='word_1_32' title='bbox 1097 929 1206 994; x_wconf 79' lang='lat' dir='ltr'><strong>veniet</strong></span> <span class='ocrx_word' id='word_1_33' title='bbox 1226 927 1394 995; x_wconf 84' lang='lat' dir='ltr'><strong>vobiscum</strong></span> <span class='ocrx_word' id='word_1_34' title='bbox 1416 928 1461 994; x_wconf 88' lang='lat' dir='ltr'><strong>ad</strong></span> 
     </span>
     <span class='ocr_line' id='line_1_5' title="bbox 264 1030 1460 1117; baseline -0.003 -16"><span class='ocrx_word' id='word_1_35' title='bbox 264 1056 340 1115; x_wconf 86' lang='lat' dir='ltr'><strong>n0s;</strong></span> <span class='ocrx_word' id='word_1_36' title='bbox 373 1035 401 1099; x_wconf 91' lang='lat' dir='ltr'><strong>si</strong></span> <span class='ocrx_word' id='word_1_37' title='bbox 430 1040 540 1099; x_wconf 86' lang='lat' dir='ltr'><strong>nutem</strong></span> <span class='ocrx_word' id='word_1_38' title='bbox 568 1054 633 1098; x_wconf 89' lang='lat' dir='ltr'><strong>non</strong></span> <span class='ocrx_word' id='word_1_39' title='bbox 664 1033 793 1117; x_wconf 86' lang='lat' dir='ltr'><strong>legerit,</strong></span> <span class='ocrx_word' id='word_1_40' title='bbox 826 1035 939 1100; x_wconf 90' lang='lat' dir='ltr'><strong>sciatis</strong></span> <span class='ocrx_word' id='word_1_41' title='bbox 967 1034 1047 1116; x_wconf 88' lang='lat' dir='ltr'><strong>quia</strong></span> <span class='ocrx_word' id='word_1_42' title='bbox 1073 1033 1274 1114; x_wconf 85' lang='lat' dir='ltr'><strong>malignatur</strong></span> <span class='ocrx_word' id='word_1_43' title='bbox 1301 1030 1460 1097; x_wconf 87' lang='lat' dir='ltr'><strong>adversus</strong></span> 
     </span>
     <span class='ocr_line' id='line_1_6' title="bbox 263 1133 1460 1223; baseline -0.003 -20"><span class='ocrx_word' id='word_1_44' title='bbox 263 1157 336 1219; x_wconf 85' lang='lat' dir='ltr'><strong>nos,</strong></span> <span class='ocrx_word' id='word_1_45' title='bbox 368 1143 401 1201; x_wconf 92' lang='lat' dir='ltr'><strong>et</strong></span> <span class='ocrx_word' id='word_1_46' title='bbox 429 1136 614 1223; x_wconf 87' lang='lat' dir='ltr'><strong>salutantes</strong></span> <span class='ocrx_word' id='word_1_47' title='bbox 642 1156 716 1200; x_wconf 89' lang='lat' dir='ltr'><strong>eum</strong></span> <span class='ocrx_word' id='word_1_48' title='bbox 743 1137 778 1200; x_wconf 89' lang='lat' dir='ltr'><strong>in</strong></span> <span class='ocrx_word' id='word_1_49' title='bbox 804 1157 886 1220; x_wconf 88' lang='lat' dir='ltr'><strong>pace</strong></span> <span class='ocrx_word' id='word_1_50' title='bbox 913 1136 1115 1201; x_wconf 76' lang='lat' dir='ltr'><strong>revertimini</strong></span> <span class='ocrx_word' id='word_1_51' title='bbox 1142 1134 1185 1199; x_wconf 89' lang='lat' dir='ltr'><strong>ad</strong></span> <span class='ocrx_word' id='word_1_52' title='bbox 1206 1154 1275 1199; x_wconf 88' lang='lat' dir='ltr'><strong>nos.</strong></span> <span class='ocrx_word' id='word_1_53' title='bbox 1316 1133 1460 1199; x_wconf 85' lang='lat' dir='ltr'><strong>Benedi-</strong></span> 
     </span>
     <span class='ocr_line' id='line_1_7' title="bbox 264 1237 1461 1307; baseline -0.003 -1"><span class='ocrx_word' id='word_1_54' title='bbox 264 1246 375 1306; x_wconf 85' lang='lat' dir='ltr'><strong>centes</strong></span> <span class='ocrx_word' id='word_1_55' title='bbox 403 1246 514 1305; x_wconf 89' lang='lat' dir='ltr'><strong>autem</strong></span> <span class='ocrx_word' id='word_1_56' title='bbox 543 1260 598 1305; x_wconf 85' lang='lat' dir='ltr'><strong>eos</strong></span> <span class='ocrx_word' id='word_1_57' title='bbox 625 1238 828 1306; x_wconf 88' lang='lat' dir='ltr'><strong>dimiserunt.</strong></span> <span class='ocrx_word' id='word_1_58' title='bbox 872 1240 1045 1307; x_wconf 86' lang='lat' dir='ltr'><strong>Venerunt</strong></span> <span class='ocrx_word' id='word_1_59' title='bbox 1072 1246 1183 1305; x_wconf 88' lang='lat' dir='ltr'><strong>autem</strong></span> <span class='ocrx_word' id='word_1_60' title='bbox 1209 1237 1243 1301; x_wconf 90' lang='lat' dir='ltr'><strong>in</strong></span> <span class='ocrx_word' id='word_1_61' title='bbox 1269 1237 1461 1303; x_wconf 86' lang='lat' dir='ltr'><strong>Arimathia</strong></span> 
     </span>
     <span class='ocr_line' id='line_1_8' title="bbox 264 1340 1460 1426; baseline -0.001 -19"><span class='ocrx_word' id='word_1_62' title='bbox 264 1341 306 1408; x_wconf 85' lang='lat' dir='ltr'><strong>ad</strong></span> <span class='ocrx_word' id='word_1_63' title='bbox 328 1340 464 1426; x_wconf 85' lang='lat' dir='ltr'><strong>Ioseph,</strong></span> <span class='ocrx_word' id='word_1_64' title='bbox 493 1348 527 1407; x_wconf 88' lang='lat' dir='ltr'><strong>et</strong></span> <span class='ocrx_word' id='word_1_65' title='bbox 553 1341 775 1408; x_wconf 86' lang='lat' dir='ltr'><strong>adoraverunt</strong></span> <span class='ocrx_word' id='word_1_66' title='bbox 797 1365 870 1408; x_wconf 90' lang='lat' dir='ltr'><strong>eum</strong></span> <span class='ocrx_word' id='word_1_67' title='bbox 892 1345 927 1408; x_wconf 89' lang='lat' dir='ltr'><strong>in</strong></span> <span class='ocrx_word' id='word_1_68' title='bbox 950 1343 1068 1408; x_wconf 86' lang='lat' dir='ltr'><strong>faciem</strong></span> <span class='ocrx_word' id='word_1_69' title='bbox 1091 1362 1189 1425; x_wconf 89' lang='lat' dir='ltr'><strong>super</strong></span> <span class='ocrx_word' id='word_1_70' title='bbox 1212 1347 1334 1407; x_wconf 85' lang='lat' dir='ltr'><strong>terram</strong></span> <span class='ocrx_word' id='word_1_71' title='bbox 1356 1347 1391 1406; x_wconf 90' lang='lat' dir='ltr'><strong>et</strong></span> <span class='ocrx_word' id='word_1_72' title='bbox 1412 1341 1460 1406; x_wconf 93' lang='lat' dir='ltr'><strong>di-</strong></span> 
     </span>
     <span class='ocr_line' id='line_1_9' title="bbox 262 1441 1459 1527; baseline -0.001 -19"><span class='ocrx_word' id='word_1_73' title='bbox 262 1451 395 1510; x_wconf 86' lang='lat' dir='ltr'><strong>xerunt:</strong></span> <span class='ocrx_word' id='word_1_74' title='bbox 422 1443 491 1509; x_wconf 86' lang='lat' dir='ltr'><strong>Pax</strong></span> <span class='ocrx_word' id='word_1_75' title='bbox 513 1443 574 1509; x_wconf 91' lang='lat' dir='ltr'><strong>tibi</strong></span> <span class='ocrx_word' id='word_1_76' title='bbox 597 1450 631 1509; x_wconf 88' lang='lat' dir='ltr'><strong>et</strong></span> <span class='ocrx_word' id='word_1_77' title='bbox 653 1444 803 1509; x_wconf 90' lang='lat' dir='ltr'><strong>omnibus</strong></span> <span class='ocrx_word' id='word_1_78' title='bbox 826 1445 903 1512; x_wconf 90' lang='lat' dir='ltr'><strong>tuis.</strong></span> <span class='ocrx_word' id='word_1_79' title='bbox 946 1444 994 1510; x_wconf 77' lang='lat' dir='ltr'><strong>nt</strong></span> <span class='ocrx_word' id='word_1_80' title='bbox 1015 1443 1098 1509; x_wconf 85' lang='lat' dir='ltr'><strong>dixit</strong></span> <span class='ocrx_word' id='word_1_81' title='bbox 1116 1441 1252 1527; x_wconf 89' lang='lat' dir='ltr'><strong>Ioseph:</strong></span> <span class='ocrx_word' id='word_1_82' title='bbox 1274 1442 1347 1508; x_wconf 87' lang='lat' dir='ltr'><strong>Pax</strong></span> <span class='ocrx_word' id='word_1_83' title='bbox 1367 1443 1459 1509; x_wconf 86' lang='lat' dir='ltr'><strong>vobis</strong></span> 
     </span>
     <span class='ocr_line' id='line_1_10' title="bbox 264 1545 1460 1633; baseline -0.002 -19"><span class='ocrx_word' id='word_1_84' title='bbox 264 1554 298 1614; x_wconf 90' lang='lat' dir='ltr'><strong>et</strong></span> <span class='ocrx_word' id='word_1_85' title='bbox 320 1549 407 1613; x_wconf 92' lang='lat' dir='ltr'><strong>omni</strong></span> <span class='ocrx_word' id='word_1_86' title='bbox 430 1548 551 1633; x_wconf 91' lang='lat' dir='ltr'><strong>populo</strong></span> <span class='ocrx_word' id='word_1_87' title='bbox 573 1547 691 1614; x_wconf 89' lang='lat' dir='ltr'><strong>Israel.</strong></span> <span class='ocrx_word' id='word_1_88' title='bbox 734 1548 782 1614; x_wconf 81' lang='lat' dir='ltr'><strong>Et</strong></span> <span class='ocrx_word' id='word_1_89' title='bbox 805 1547 967 1615; x_wconf 90' lang='lat' dir='ltr'><strong>dederunt</strong></span> <span class='ocrx_word' id='word_1_90' title='bbox 988 1548 1019 1613; x_wconf 90' lang='lat' dir='ltr'><strong>ei</strong></span> <span class='ocrx_word' id='word_1_91' title='bbox 1041 1556 1166 1615; x_wconf 90' lang='lat' dir='ltr'><strong>tomum</strong></span> <span class='ocrx_word' id='word_1_92' title='bbox 1189 1547 1357 1631; x_wconf 89' lang='lat' dir='ltr'><strong>epistolae.</strong></span> <span class='ocrx_word' id='word_1_93' title='bbox 1399 1545 1460 1614; x_wconf 81' lang='lat' dir='ltr'><strong>Sn-</strong></span> 
     </span>
     <span class='ocr_line' id='line_1_11' title="bbox 264 1648 1460 1734; baseline -0.001 -19"><span class='ocrx_word' id='word_1_94' title='bbox 264 1650 406 1734; x_wconf 87' lang='lat' dir='ltr'><strong>scipiens</strong></span> <span class='ocrx_word' id='word_1_95' title='bbox 425 1656 536 1716; x_wconf 84' lang='lat' dir='ltr'><strong>autem</strong></span> <span class='ocrx_word' id='word_1_96' title='bbox 551 1648 674 1734; x_wconf 90' lang='lat' dir='ltr'><strong>Ioseph</strong></span> <span class='ocrx_word' id='word_1_97' title='bbox 688 1651 778 1734; x_wconf 81' lang='lat' dir='ltr'><strong>legit,</strong></span> <span class='ocrx_word' id='word_1_98' title='bbox 802 1657 836 1716; x_wconf 88' lang='lat' dir='ltr'><strong>et</strong></span> <span class='ocrx_word' id='word_1_99' title='bbox 857 1652 1064 1734; x_wconf 77' lang='lat' dir='ltr'><strong>amplexatus</strong></span> <span class='ocrx_word' id='word_1_100' title='bbox 1087 1657 1138 1715; x_wconf 91' lang='lat' dir='ltr'><strong>est</strong></span> <span class='ocrx_word' id='word_1_101' title='bbox 1160 1650 1343 1734; x_wconf 84' lang='lat' dir='ltr'><strong>epistolam,</strong></span> <span class='ocrx_word' id='word_1_102' title='bbox 1363 1649 1460 1715; x_wconf 90' lang='lat' dir='ltr'><strong>bene·</strong></span> 
     </span>
     <span class='ocr_line' id='line_1_12' title="bbox 264 1751 1462 1839; baseline 0 -21"><span class='ocrx_word' id='word_1_103' title='bbox 264 1751 413 1839; x_wconf 80' lang='lat' dir='ltr'><strong>dixitque</strong></span> <span class='ocrx_word' id='word_1_104' title='bbox 429 1753 526 1819; x_wconf 89' lang='lat' dir='ltr'><strong>deum</strong></span> <span class='ocrx_word' id='word_1_105' title='bbox 549 1760 582 1819; x_wconf 91' lang='lat' dir='ltr'><strong>et</strong></span> <span class='ocrx_word' id='word_1_106' title='bbox 601 1752 698 1820; x_wconf 86' lang='lat' dir='ltr'><strong>dixit:</strong></span> <span class='ocrx_word' id='word_1_107' title='bbox 720 1751 921 1820; x_wconf 86' lang='lat' dir='ltr'><strong>Benedictus</strong></span> <span class='ocrx_word' id='word_1_108' title='bbox 944 1752 1094 1820; x_wconf 89' lang='lat' dir='ltr'><strong>dominus</strong></span> <span class='ocrx_word' id='word_1_109' title='bbox 1117 1751 1206 1837; x_wconf 87' lang='lat' dir='ltr'><strong>deus,</strong></span> <span class='ocrx_word' id='word_1_110' title='bbox 1229 1753 1286 1836; x_wconf 92' lang='lat' dir='ltr'><strong>qui</strong></span> <span class='ocrx_word' id='word_1_111' title='bbox 1308 1751 1462 1819; x_wconf 82' lang='lat' dir='ltr'><strong>liberavit</strong></span> 
     </span>
     <span class='ocr_line' id='line_1_13' title="bbox 264 1856 1461 1941; baseline -0.002 -18"><span class='ocrx_word' id='word_1_112' title='bbox 264 1856 373 1929; x_wconf 87' lang='lat' dir='ltr'><strong>Israel</strong></span> <span class='ocrx_word' id='word_1_113' title='bbox 395 1864 521 1923; x_wconf 90' lang='lat' dir='ltr'><strong>utnon</strong></span> <span class='ocrx_word' id='word_1_114' title='bbox 543 1857 726 1924; x_wconf 86' lang='lat' dir='ltr'><strong>effunderet</strong></span> <span class='ocrx_word' id='word_1_115' title='bbox 748 1859 942 1941; x_wconf 81' lang='lat' dir='ltr'><strong>sanguinem</strong></span> <span class='ocrx_word' id='word_1_116' title='bbox 963 1859 1184 1923; x_wconf 85' lang='lat' dir='ltr'><strong>innocentem:</strong></span> <span class='ocrx_word' id='word_1_117' title='bbox 1215 1862 1249 1922; x_wconf 91' lang='lat' dir='ltr'><strong>et</strong></span> <span class='ocrx_word' id='word_1_118' title='bbox 1269 1856 1461 1922; x_wconf 84' lang='lat' dir='ltr'><strong>benedictus</strong></span> 
     </span>
     <span class='ocr_line' id='line_1_14' title="bbox 264 1957 1462 2046; baseline 0 -21"><span class='ocrx_word' id='word_1_119' title='bbox 264 1960 358 2044; x_wconf 86' lang='lat' dir='ltr'><strong>deus,</strong></span> <span class='ocrx_word' id='word_1_120' title='bbox 386 1961 444 2046; x_wconf 90' lang='lat' dir='ltr'><strong>qui</strong></span> <span class='ocrx_word' id='word_1_121' title='bbox 472 1960 564 2025; x_wconf 91' lang='lat' dir='ltr'><strong>misit</strong></span> <span class='ocrx_word' id='word_1_122' title='bbox 591 1961 744 2044; x_wconf 84' lang='lat' dir='ltr'><strong>angelum</strong></span> <span class='ocrx_word' id='word_1_123' title='bbox 772 1982 867 2025; x_wconf 91' lang='lat' dir='ltr'><strong>suum</strong></span> <span class='ocrx_word' id='word_1_124' title='bbox 893 1966 926 2027; x_wconf 88' lang='lat' dir='ltr'><strong>et</strong></span> <span class='ocrx_word' id='word_1_125' title='bbox 949 1961 1118 2044; x_wconf 87' lang='lat' dir='ltr'><strong>cooperuit</strong></span> <span class='ocrx_word' id='word_1_126' title='bbox 1140 1980 1192 2025; x_wconf 90' lang='lat' dir='ltr'><strong>me</strong></span> <span class='ocrx_word' id='word_1_127' title='bbox 1214 1957 1275 2025; x_wconf 89' lang='lat' dir='ltr'><strong>sub</strong></span> <span class='ocrx_word' id='word_1_128' title='bbox 1299 1959 1362 2024; x_wconf 85' lang='lat' dir='ltr'><strong>alis</strong></span> <span class='ocrx_word' id='word_1_129' title='bbox 1385 1960 1462 2025; x_wconf 89' lang='lat' dir='ltr'><strong>suis.</strong></span> 
     </span>
     <span class='ocr_line' id='line_1_15' title="bbox 264 2062 1462 2147; baseline -0.003 -17"><span class='ocrx_word' id='word_1_130' title='bbox 264 2065 312 2130; x_wconf 86' lang='lat' dir='ltr'><strong>Et</strong></span> <span class='ocrx_word' id='word_1_131' title='bbox 338 2064 507 2129; x_wconf 89' lang='lat' dir='ltr'><strong>osculatus</strong></span> <span class='ocrx_word' id='word_1_132' title='bbox 536 2069 587 2129; x_wconf 89' lang='lat' dir='ltr'><strong>est</strong></span> <span class='ocrx_word' id='word_1_133' title='bbox 613 2085 668 2129; x_wconf 91' lang='lat' dir='ltr'><strong>eos</strong></span> <span class='ocrx_word' id='word_1_134' title='bbox 695 2070 729 2129; x_wconf 89' lang='lat' dir='ltr'><strong>et</strong></span> <span class='ocrx_word' id='word_1_135' title='bbox 752 2064 908 2147; x_wconf 85' lang='lat' dir='ltr'><strong>apposuit</strong></span> <span class='ocrx_word' id='word_1_136' title='bbox 929 2064 977 2128; x_wconf 85' lang='lat' dir='ltr'><strong>eis</strong></span> <span class='ocrx_word' id='word_1_137' title='bbox 999 2084 1161 2145; x_wconf 86' lang='lat' dir='ltr'><strong>mensum,</strong></span> <span class='ocrx_word' id='word_1_138' title='bbox 1190 2068 1224 2127; x_wconf 89' lang='lat' dir='ltr'><strong>et</strong></span> <span class='ocrx_word' id='word_1_139' title='bbox 1245 2062 1462 2127; x_wconf 84' lang='lat' dir='ltr'><strong>manducave·</strong></span> 
     </span>
     <span class='ocr_line' id='line_1_16' title="bbox 263 2164 938 2249; baseline 0 -17"><span class='ocrx_word' id='word_1_140' title='bbox 263 2172 342 2232; x_wconf 88' lang='lat' dir='ltr'><strong>rnnt</strong></span> <span class='ocrx_word' id='word_1_141' title='bbox 364 2173 398 2231; x_wconf 89' lang='lat' dir='ltr'><strong>et</strong></span> <span class='ocrx_word' id='word_1_142' title='bbox 418 2164 582 2249; x_wconf 85' lang='lat' dir='ltr'><strong>biberunt,</strong></span> <span class='ocrx_word' id='word_1_143' title='bbox 603 2172 637 2230; x_wconf 85' lang='lat' dir='ltr'><strong>et</strong></span> <span class='ocrx_word' id='word_1_144' title='bbox 658 2166 862 2232; x_wconf 89' lang='lat' dir='ltr'><strong>dormierunt</strong></span> <span class='ocrx_word' id='word_1_145' title='bbox 883 2165 938 2232; x_wconf 89' lang='lat' dir='ltr'><strong>ibi.</strong></span> 
     </span>
    </p>

    <p class='ocr_par' dir='ltr' id='par_1_3' title="bbox 263 2264 1461 2465">
     <span class='ocr_line' id='line_1_17' title="bbox 348 2264 1461 2350; baseline -0.001 -21"><span class='ocrx_word' id='word_1_146' title='bbox 348 2266 425 2330; x_wconf 72' lang='lat' dir='ltr'><strong>‘Et</strong></span> <span class='ocrx_word' id='word_1_147' title='bbox 446 2286 541 2332; x_wconf 87' lang='lat' dir='ltr'><strong>mane</strong></span> <span class='ocrx_word' id='word_1_148' title='bbox 564 2274 749 2350; x_wconf 80' lang='lat' dir='ltr'><strong>surgentes,</strong></span> <span class='ocrx_word' id='word_1_149' title='bbox 778 2266 898 2331; x_wconf 89' lang='lat' dir='ltr'><strong>stravit</strong></span> <span class='ocrx_word' id='word_1_150' title='bbox 924 2266 1052 2331; x_wconf 88' lang='lat' dir='ltr'><strong>asinam</strong></span> <span class='ocrx_word' id='word_1_151' title='bbox 1074 2286 1170 2331; x_wconf 88' lang='lat' dir='ltr'><strong>suam</strong></span> <span class='ocrx_word' id='word_1_152' title='bbox 1191 2264 1313 2348; x_wconf 90' lang='lat' dir='ltr'><strong>Ioseph</strong></span> <span class='ocrx_word' id='word_1_153' title='bbox 1337 2272 1372 2331; x_wconf 87' lang='lat' dir='ltr'><strong>ct</strong></span> <span class='ocrx_word' id='word_1_154' title='bbox 1393 2286 1461 2331; x_wconf 90' lang='lat' dir='ltr'><strong>am·</strong></span> 
     </span>
     <span class='ocr_line' id='line_1_18' title="bbox 263 2366 1461 2465; baseline -0.002 -31"><span class='ocrx_word' id='word_1_155' title='bbox 263 2367 392 2434; x_wconf 82' lang='lat' dir='ltr'><strong>bulavit</strong></span> <span class='ocrx_word' id='word_1_156' title='bbox 419 2388 492 2433; x_wconf 93' lang='lat' dir='ltr'><strong>cnm</strong></span> <span class='ocrx_word' id='word_1_157' title='bbox 518 2368 599 2449; x_wconf 86' lang='lat' dir='ltr'><strong>illis,</strong></span> <span class='ocrx_word' id='word_1_158' title='bbox 631 2375 664 2433; x_wconf 88' lang='lat' dir='ltr'><strong>et</strong></span> <span class='ocrx_word' id='word_1_159' title='bbox 685 2368 885 2434; x_wconf 88' lang='lat' dir='ltr'><strong>introierunt</strong></span> <span class='ocrx_word' id='word_1_160' title='bbox 906 2368 941 2432; x_wconf 91' lang='lat' dir='ltr'><strong>in</strong></span> <span class='ocrx_word' id='word_1_161' title='bbox 963 2368 1131 2433; x_wconf 87' lang='lat' dir='ltr'><strong>civitatem</strong></span> <span class='ocrx_word' id='word_1_162' title='bbox 1154 2373 1306 2433; x_wconf 87' lang='lat' dir='ltr'><strong>sanctam</strong></span> <span class='ocrx_word' id='word_1_163' title='bbox 1327 2366 1461 2465; x_wconf 76' lang='lat' dir='ltr'><strong>¹Ierusa-</strong></span> 
     </span>
    </p>
   </div>
   <div class='ocr_carea' id='block_1_3' title="bbox 263 2610 1466 4745">
    <p class='ocr_par' dir='ltr' id='par_1_4' title="bbox 263 2610 1466 4659">
     <span class='ocr_line' id='line_1_19' title="bbox 264 2610 1462 2677; baseline 0 -13"><span class='ocrx_word' id='word_1_164' title='bbox 264 2613 379 2665; x_wconf 62' lang='lat' dir='ltr'><strong>edl&#39;iom</strong></span> <span class='ocrx_word' id='word_1_165' title='bbox 395 2613 399 2675; x_wconf 84' lang='grc' dir='ltr'>Ι</span> <span class='ocrx_word' id='word_1_166' title='bbox 414 2614 484 2664; x_wconf 81' lang='lat' dir='ltr'><strong>cirne</strong></span> <span class='ocrx_word' id='word_1_167' title='bbox 502 2612 529 2677; x_wconf 87' lang='lat' dir='ltr'><strong>(c</strong></span> <span class='ocrx_word' id='word_1_168' title='bbox 546 2611 600 2675; x_wconf 91' lang='lat' dir='ltr'><strong>om)</strong></span> <span class='ocrx_word' id='word_1_169' title='bbox 619 2615 694 2663; x_wconf 78' lang='lat' dir='ltr'><strong>uenio.</strong></span> <span class='ocrx_word' id='word_1_170' title='bbox 713 2615 764 2663; x_wconf 81' lang='lat' dir='ltr'><strong>Ioe.</strong></span> <span class='ocrx_word' id='word_1_171' title='bbox 783 2610 811 2675; x_wconf 79' lang='lat' dir='ltr'><strong>(n</strong></span> <span class='ocrx_word' id='word_1_172' title='bbox 829 2628 872 2662; x_wconf 92' lang='lat' dir='ltr'><strong>om</strong></span> <span class='ocrx_word' id='word_1_173' title='bbox 890 2628 939 2662; x_wconf 84' lang='lat' dir='ltr'><strong>cen.</strong></span> <span class='ocrx_word' id='word_1_174' title='bbox 954 2611 1006 2675; x_wconf 83' lang='lat'><em>10.)</em></span> <span class='ocrx_word' id='word_1_175' title='bbox 1025 2628 1087 2677; x_wconf 80' lang='lat' dir='ltr'><strong>quoe</strong></span> <span class='ocrx_word' id='word_1_176' title='bbox 1103 2642 1113 2652; x_wconf 92' lang='lat'>-</span> <span class='ocrx_word' id='word_1_177' title='bbox 1131 2613 1226 2662; x_wconf 69' lang='lat' dir='ltr'><strong>unione</strong></span> <span class='ocrx_word' id='word_1_178' title='bbox 1242 2611 1271 2676; x_wconf 74' lang='lat' dir='ltr'><strong>(n</strong></span> <span class='ocrx_word' id='word_1_179' title='bbox 1289 2611 1342 2661; x_wconf 82' lang='lat' dir='ltr'><strong>edd</strong></span> <span class='ocrx_word' id='word_1_180' title='bbox 1360 2626 1462 2671; x_wconf 58' lang='grc' dir='ltr'><strong>ηοω</strong></span> 
     </span>
     <span class='ocr_line' id='line_1_20' title="bbox 263 2697 1462 2765; baseline -0.003 -13"><span class='ocrx_word' id='word_1_181' title='bbox 263 2718 322 2752; x_wconf 78' lang='lat' dir='ltr'><strong>euos</strong></span> <span class='ocrx_word' id='word_1_182' title='bbox 337 2700 411 2764; x_wconf 80' lang='lat' dir='ltr'><strong>eene),</strong></span> <span class='ocrx_word' id='word_1_183' title='bbox 428 2705 453 2750; x_wconf 82' lang='lat' dir='ltr'><strong>et</strong></span> <span class='ocrx_word' id='word_1_184' title='bbox 471 2700 498 2762; x_wconf 86' lang='lat' dir='ltr'><strong>(c</strong></span> <span class='ocrx_word' id='word_1_185' title='bbox 515 2698 616 2765; x_wconf 79' lang='lat' dir='ltr'><strong>quibue)</strong></span> <span class='ocrx_word' id='word_1_186' title='bbox 633 2700 722 2750; x_wconf 73' lang='lat' dir='ltr'><strong>dicunt</strong></span> <span class='ocrx_word' id='word_1_187' title='bbox 740 2700 785 2763; x_wconf 80' lang='grc' dir='ltr'><strong>(Βο</strong></span> <span class='ocrx_word' id='word_1_188' title='bbox 802 2698 899 2762; x_wconf 77' lang='lat' dir='ltr'><strong>dinen.)</strong></span> <span class='ocrx_word' id='word_1_189' title='bbox 919 2700 1133 2765; x_wconf 69' lang='lat' dir='ltr'><strong>arciieynupopce</strong></span> <span class='ocrx_word' id='word_1_190' title='bbox 1150 2697 1179 2762; x_wconf 90' lang='grc' dir='ltr'><strong>(Β</strong></span> <span class='ocrx_word' id='word_1_191' title='bbox 1197 2715 1287 2749; x_wconf 75' lang='lat' dir='ltr'><strong>rumne</strong></span> <span class='ocrx_word' id='word_1_192' title='bbox 1299 2697 1380 2762; x_wconf 59' lang='lat' dir='ltr'><strong>pope)</strong></span> <span class='ocrx_word' id='word_1_193' title='bbox 1398 2727 1408 2740; x_wconf 90' lang='lat'><strong>·</strong></span> <span class='ocrx_word' id='word_1_194' title='bbox 1426 2700 1462 2748; x_wconf 77' lang='lat' dir='ltr'><strong>ed</strong></span> 
     </span>
     <span class='ocr_line' id='line_1_21' title="bbox 263 2771 1459 2849; baseline -0.003 -16"><span class='ocrx_word' id='word_1_195' title='bbox 263 2785 326 2835; x_wconf 80' lang='lat' dir='ltr'><strong>iiior</strong></span> <span class='ocrx_word' id='word_1_196' title='bbox 343 2782 371 2847; x_wconf 90' lang='grc' dir='ltr'><strong>(Β</strong></span> <span class='ocrx_word' id='word_1_197' title='bbox 390 2785 424 2833; x_wconf 80' lang='lat' dir='ltr'><strong>ad</strong></span> <span class='ocrx_word' id='word_1_198' title='bbox 447 2785 525 2833; x_wconf 73' lang='lat' dir='ltr'><strong>uince.</strong></span> <span class='ocrx_word' id='word_1_199' title='bbox 563 2797 639 2835; x_wconf 91' lang='lat' dir='ltr'><strong>com</strong></span> <span class='ocrx_word' id='word_1_200' title='bbox 663 2784 790 2849; x_wconf 75' lang='lat' dir='ltr'><strong>uroiieyn.</strong></span> <span class='ocrx_word' id='word_1_201' title='bbox 811 2782 865 2847; x_wconf 86' lang='lat' dir='ltr'><strong>etc)</strong></span> <span class='ocrx_word' id='word_1_202' title='bbox 893 2799 951 2833; x_wconf 88' lang='lat' dir='ltr'><strong>cum</strong></span> <span class='ocrx_word' id='word_1_203' title='bbox 969 2795 1022 2834; x_wconf 73' lang='lat' dir='ltr'><strong>nc</strong></span> <span class='ocrx_word' id='word_1_204' title='bbox 1041 2818 1048 2833; x_wconf 90' lang='lat'><strong>.</strong></span> <span class='ocrx_word' id='word_1_205' title='bbox 1069 2818 1075 2833; x_wconf 92' lang='lat'><strong>.</strong></span> <span class='ocrx_word' id='word_1_206' title='bbox 1100 2771 1162 2833; x_wconf 49' lang='grc' dir='ltr'><strong>ΒΜ</strong></span> <span class='ocrx_word' id='word_1_207' title='bbox 1179 2787 1272 2846; x_wconf 77' lang='lat' dir='ltr'><strong>septeni</strong></span> <span class='ocrx_word' id='word_1_208' title='bbox 1294 2787 1366 2832; x_wconf 85' lang='lat' dir='ltr'><strong>eiree</strong></span> <span class='ocrx_word' id='word_1_209' title='bbox 1385 2784 1459 2832; x_wconf 71' lang='lat' dir='ltr'><strong>onie.</strong></span> 
     </span>
     <span class='ocr_line' id='line_1_22' title="bbox 263 2868 1465 2934; baseline -0.003 -12"><span class='ocrx_word' id='word_1_210' title='bbox 263 2873 303 2923; x_wconf 88' lang='lat' dir='ltr'><strong>Ic.</strong></span> <span class='ocrx_word' id='word_1_211' title='bbox 321 2876 347 2921; x_wconf 80' lang='lat' dir='ltr'><strong>et</strong></span> <span class='ocrx_word' id='word_1_212' title='bbox 363 2871 446 2921; x_wconf 77' lang='lat' dir='ltr'><strong>dicer.</strong></span> <span class='ocrx_word' id='word_1_213' title='bbox 461 2871 496 2920; x_wconf 80' lang='lat' dir='ltr'><strong>ad</strong></span> <span class='ocrx_word' id='word_1_214' title='bbox 513 2886 563 2920; x_wconf 79' lang='lat' dir='ltr'><strong>eur.</strong></span> <span class='ocrx_word' id='word_1_215' title='bbox 602 2870 667 2920; x_wconf 77' lang='lat' dir='ltr'><strong>Post</strong></span> <span class='ocrx_word' id='word_1_216' title='bbox 685 2871 746 2920; x_wconf 86' lang='lat' dir='ltr'><strong>vide</strong></span> <span class='ocrx_word' id='word_1_217' title='bbox 766 2869 847 2933; x_wconf 68' lang='lat' dir='ltr'><strong>edl&#39;fi</strong></span> <span class='ocrx_word' id='word_1_218' title='bbox 867 2869 956 2920; x_wconf 79' lang='lat' dir='ltr'><strong>Videte</strong></span> <span class='ocrx_word' id='word_1_219' title='bbox 975 2869 1020 2932; x_wconf 75' lang='lat' dir='ltr'><strong>(rc</strong></span> <span class='ocrx_word' id='word_1_220' title='bbox 1038 2868 1105 2933; x_wconf 85' lang='lat' dir='ltr'><strong>om):</strong></span> <span class='ocrx_word' id='word_1_221' title='bbox 1124 2869 1147 2919; x_wconf 88' lang='lat' dir='ltr'><strong>ei</strong></span> <span class='ocrx_word' id='word_1_222' title='bbox 1164 2885 1229 2919; x_wconf 77' lang='lat' dir='ltr'><strong>euno.</strong></span> <span class='ocrx_word' id='word_1_223' title='bbox 1249 2885 1290 2934; x_wconf 82' lang='lat' dir='ltr'><strong>ep.</strong></span> <span class='ocrx_word' id='word_1_224' title='bbox 1303 2873 1328 2918; x_wconf 80' lang='lat' dir='ltr'><strong>et</strong></span> <span class='ocrx_word' id='word_1_225' title='bbox 1346 2869 1396 2934; x_wconf 71' lang='lat' dir='ltr'><strong>lep.</strong></span> <span class='ocrx_word' id='word_1_226' title='bbox 1409 2885 1465 2919; x_wconf 74' lang='lat' dir='ltr'><strong>m</strong></span> 
     </span>
     <span class='ocr_line' id='line_1_23' title="bbox 264 2955 1463 3024; baseline -0.003 -14"><span class='ocrx_word' id='word_1_227' title='bbox 264 2958 292 3022; x_wconf 92' lang='grc' dir='ltr'><strong>(Β</strong></span> <span class='ocrx_word' id='word_1_228' title='bbox 311 2958 378 3024; x_wconf 87' lang='lat' dir='ltr'><strong>om),</strong></span> <span class='ocrx_word' id='word_1_229' title='bbox 403 2962 540 3024; x_wconf 79' lang='lat' dir='ltr'><strong>procerte</strong></span> <span class='ocrx_word' id='word_1_230' title='bbox 565 2956 593 3022; x_wconf 92' lang='grc' dir='ltr'><strong>(Β</strong></span> <span class='ocrx_word' id='word_1_231' title='bbox 611 2957 665 3022; x_wconf 88' lang='lat' dir='ltr'><strong>om)</strong></span> <span class='ocrx_word' id='word_1_232' title='bbox 684 2987 693 2998; x_wconf 94' lang='lat'><strong>·</strong></span> <span class='ocrx_word' id='word_1_233' title='bbox 711 2959 735 3008; x_wconf 85' lang='lat' dir='ltr'><strong>ei</strong></span> <span class='ocrx_word' id='word_1_234' title='bbox 752 2963 835 3008; x_wconf 78' lang='lat' dir='ltr'><strong>auten</strong></span> <span class='ocrx_word' id='word_1_235' title='bbox 853 2958 879 3021; x_wconf 88' lang='lat' dir='ltr'><strong>(c</strong></span> <span class='ocrx_word' id='word_1_236' title='bbox 897 2956 951 3008; x_wconf 82' lang='lat' dir='ltr'><strong>edd</strong></span> <span class='ocrx_word' id='word_1_237' title='bbox 973 2959 1113 3022; x_wconf 61' lang='lat' dir='ltr'><strong>acceperit</strong></span> <span class='ocrx_word' id='word_1_238' title='bbox 1134 2955 1170 3020; x_wconf 78' lang='lat' dir='ltr'><strong>et)</strong></span> <span class='ocrx_word' id='word_1_239' title='bbox 1193 2972 1244 3007; x_wconf 81' lang='lat' dir='ltr'><strong>non</strong></span> <span class='ocrx_word' id='word_1_240' title='bbox 1267 2955 1359 3021; x_wconf 78' lang='lat' dir='ltr'><strong>lepeeit</strong></span> <span class='ocrx_word' id='word_1_241' title='bbox 1382 2955 1413 3016; x_wconf 75' lang='lat' dir='ltr'><strong>(a</strong></span> <span class='ocrx_word' id='word_1_242' title='bbox 1429 2957 1463 3007; x_wconf 76' lang='lat' dir='ltr'><strong>ab</strong></span> 
     </span>
     <span class='ocr_line' id='line_1_24' title="bbox 264 3040 1465 3108; baseline -0.002 -14"><span class='ocrx_word' id='word_1_243' title='bbox 264 3046 350 3095; x_wconf 87' lang='lat' dir='ltr'><strong>altero</strong></span> <span class='ocrx_word' id='word_1_244' title='bbox 370 3044 462 3108; x_wconf 78' lang='lat' dir='ltr'><strong>lepeeit</strong></span> <span class='ocrx_word' id='word_1_245' title='bbox 479 3043 513 3093; x_wconf 80' lang='lat' dir='ltr'><strong>nd</strong></span> <span class='ocrx_word' id='word_1_246' title='bbox 532 3044 645 3094; x_wconf 87' lang='lat' dir='ltr'><strong>elternm</strong></span> <span class='ocrx_word' id='word_1_247' title='bbox 664 3043 830 3105; x_wconf 74' lang='lat' dir='ltr'><strong>transiluit),</strong></span> <span class='ocrx_word' id='word_1_248' title='bbox 849 3044 939 3093; x_wconf 79' lang='lat' dir='ltr'><strong>eeistie</strong></span> <span class='ocrx_word' id='word_1_249' title='bbox 957 3043 984 3106; x_wconf 86' lang='lat' dir='ltr'><strong>(c</strong></span> <span class='ocrx_word' id='word_1_250' title='bbox 1001 3043 1098 3106; x_wconf 75' lang='lat' dir='ltr'><strong>scietis)</strong></span> <span class='ocrx_word' id='word_1_251' title='bbox 1116 3073 1126 3084; x_wconf 92' lang='lat'><strong>·</strong></span> <span class='ocrx_word' id='word_1_252' title='bbox 1143 3044 1172 3092; x_wconf 87' lang='lat' dir='ltr'><strong>in</strong></span> <span class='ocrx_word' id='word_1_253' title='bbox 1185 3058 1252 3106; x_wconf 77' lang='lat' dir='ltr'><strong>pace</strong></span> <span class='ocrx_word' id='word_1_254' title='bbox 1270 3042 1297 3107; x_wconf 89' lang='lat' dir='ltr'><strong>(c</strong></span> <span class='ocrx_word' id='word_1_255' title='bbox 1314 3040 1369 3105; x_wconf 87' lang='lat' dir='ltr'><strong>om)</strong></span> <span class='ocrx_word' id='word_1_256' title='bbox 1387 3071 1397 3083; x_wconf 93' lang='lat'>·</span> <span class='ocrx_word' id='word_1_257' title='bbox 1415 3043 1465 3092; x_wconf 84' lang='lat' dir='ltr'><strong>Be·</strong></span> 
     </span>
     <span class='ocr_line' id='line_1_25' title="bbox 264 3117 1465 3192; baseline -0.002 -12"><span class='ocrx_word' id='word_1_258' title='bbox 264 3131 413 3180; x_wconf 73' lang='lat' dir='ltr'><strong>nedicunt.</strong></span> <span class='ocrx_word' id='word_1_259' title='bbox 428 3146 470 3180; x_wconf 88' lang='lat' dir='ltr'><strong>ece</strong></span> <span class='ocrx_word' id='word_1_260' title='bbox 486 3130 548 3179; x_wconf 81' lang='lat' dir='ltr'><strong>dim.</strong></span> <span class='ocrx_word' id='word_1_261' title='bbox 570 3130 596 3192; x_wconf 91' lang='lat' dir='ltr'><strong>(c</strong></span> <span class='ocrx_word' id='word_1_262' title='bbox 615 3144 655 3179; x_wconf 88' lang='lat' dir='ltr'><strong>om</strong></span> <span class='ocrx_word' id='word_1_263' title='bbox 675 3130 795 3179; x_wconf 84' lang='lat' dir='ltr'><strong>Benedic.</strong></span> <span class='ocrx_word' id='word_1_264' title='bbox 809 3128 864 3186; x_wconf 67' lang='lat' dir='ltr'><strong>otc)</strong></span> <span class='ocrx_word' id='word_1_265' title='bbox 884 3146 943 3179; x_wconf 88' lang='lat' dir='ltr'><strong>cum</strong></span> <span class='ocrx_word' id='word_1_266' title='bbox 961 3142 1013 3182; x_wconf 76' lang='lat' dir='ltr'><strong>nnc</strong></span> <span class='ocrx_word' id='word_1_267' title='bbox 1032 3165 1061 3179; x_wconf 89' lang='lat'><strong>..</strong></span> <span class='ocrx_word' id='word_1_268' title='bbox 1081 3117 1143 3179; x_wconf 66' lang='lat' dir='ltr'><strong>„ube</strong></span> <span class='ocrx_word' id='word_1_269' title='bbox 1160 3129 1229 3178; x_wconf 84' lang='lat' dir='ltr'><strong>Dum</strong></span> <span class='ocrx_word' id='word_1_270' title='bbox 1244 3128 1414 3192; x_wconf 74' lang='lat' dir='ltr'><strong>perveneritis</strong></span> <span class='ocrx_word' id='word_1_271' title='bbox 1430 3129 1465 3178; x_wconf 85' lang='lat' dir='ltr'><strong>cd</strong></span> 
     </span>
     <span class='ocr_line' id='line_1_26' title="bbox 264 3215 1466 3281; baseline -0.004 -12"><span class='ocrx_word' id='word_1_272' title='bbox 264 3218 363 3281; x_wconf 74' lang='lat' dir='ltr'><strong>Ioseph,</strong></span> <span class='ocrx_word' id='word_1_273' title='bbox 376 3217 488 3266; x_wconf 76' lang='lat' dir='ltr'><strong>calutate</strong></span> <span class='ocrx_word' id='word_1_274' title='bbox 500 3232 554 3265; x_wconf 85' lang='lat' dir='ltr'><strong>eum</strong></span> <span class='ocrx_word' id='word_1_275' title='bbox 566 3217 593 3265; x_wconf 88' lang='lat' dir='ltr'><strong>in</strong></span> <span class='ocrx_word' id='word_1_276' title='bbox 605 3215 693 3279; x_wconf 80' lang='lat' dir='ltr'><strong>paee),</strong></span> <span class='ocrx_word' id='word_1_277' title='bbox 711 3217 802 3266; x_wconf 78' lang='lat' dir='ltr'><strong>dantes</strong></span> <span class='ocrx_word' id='word_1_278' title='bbox 813 3218 837 3265; x_wconf 88' lang='lat' dir='ltr'><strong>ei</strong></span> <span class='ocrx_word' id='word_1_279' title='bbox 849 3216 993 3280; x_wconf 78' lang='lat' dir='ltr'><strong>epistolam.</strong></span> <span class='ocrx_word' id='word_1_280' title='bbox 1030 3216 1099 3266; x_wconf 86' lang='lat' dir='ltr'><strong>Item</strong></span> <span class='ocrx_word' id='word_1_281' title='bbox 1119 3215 1180 3266; x_wconf 82' lang='lat' dir='ltr'><strong>ed¹¹r</strong></span> <span class='ocrx_word' id='word_1_282' title='bbox 1193 3217 1245 3266; x_wconf 83' lang='lat' dir='ltr'><strong>nic:</strong></span> <span class='ocrx_word' id='word_1_283' title='bbox 1265 3220 1290 3265; x_wconf 86' lang='lat' dir='ltr'><strong>et</strong></span> <span class='ocrx_word' id='word_1_284' title='bbox 1307 3215 1395 3265; x_wconf 75' lang='lat' dir='ltr'><strong>eiectis</strong></span> <span class='ocrx_word' id='word_1_285' title='bbox 1412 3215 1466 3265; x_wconf 73' lang='lat'><strong>1⁷11</strong></span> 
     </span>
     <span class='ocr_line' id='line_1_27' title="bbox 263 3303 1465 3368; baseline -0.004 -10"><span class='ocrx_word' id='word_1_286' title='bbox 263 3308 329 3358; x_wconf 69' lang='lat' dir='ltr'><strong>uiris</strong></span> <span class='ocrx_word' id='word_1_287' title='bbox 340 3308 430 3355; x_wconf 81' lang='lat' dir='ltr'><strong>amicir</strong></span> <span class='ocrx_word' id='word_1_288' title='bbox 439 3309 489 3356; x_wconf 77' lang='lat' dir='ltr'><strong>Ion.</strong></span> <span class='ocrx_word' id='word_1_289' title='bbox 499 3306 621 3354; x_wconf 76' lang='lat' dir='ltr'><strong>eniserunt</strong></span> <span class='ocrx_word' id='word_1_290' title='bbox 632 3307 656 3354; x_wconf 87' lang='lat' dir='ltr'><strong>ei</strong></span> <span class='ocrx_word' id='word_1_291' title='bbox 668 3305 810 3368; x_wconf 74' lang='lat' dir='ltr'><strong>epistolum,</strong></span> <span class='ocrx_word' id='word_1_292' title='bbox 822 3306 965 3355; x_wconf 74' lang='lat' dir='ltr'><strong>salutantes</strong></span> <span class='ocrx_word' id='word_1_293' title='bbox 976 3322 1030 3355; x_wconf 69' lang='lat' dir='ltr'><strong>euin</strong></span> <span class='ocrx_word' id='word_1_294' title='bbox 1041 3307 1068 3354; x_wconf 89' lang='lat' dir='ltr'><strong>in</strong></span> <span class='ocrx_word' id='word_1_295' title='bbox 1078 3322 1142 3367; x_wconf 81' lang='lat' dir='ltr'><strong>pace</strong></span> <span class='ocrx_word' id='word_1_296' title='bbox 1152 3303 1197 3367; x_wconf 89' lang='lat' dir='ltr'><strong>(de</strong></span> <span class='ocrx_word' id='word_1_297' title='bbox 1210 3305 1253 3354; x_wconf 83' lang='lat' dir='ltr'><strong>hin</strong></span> <span class='ocrx_word' id='word_1_298' title='bbox 1267 3305 1392 3355; x_wconf 79' lang='lat' dir='ltr'><strong>extremis</strong></span> <span class='ocrx_word' id='word_1_299' title='bbox 1403 3304 1465 3353; x_wconf 89' lang='lat' dir='ltr'><strong>vide</strong></span> 
     </span>
     <span class='ocr_line' id='line_1_28' title="bbox 266 3380 1465 3455; baseline -0.006 -13"><span class='ocrx_word' id='word_1_300' title='bbox 266 3380 327 3442; x_wconf 66' lang='grc' dir='ltr'><strong>ΒΙώο</strong></span> <span class='ocrx_word' id='word_1_301' title='bbox 339 3392 419 3440; x_wconf 80' lang='lat' dir='ltr'><strong>infre.</strong></span> <span class='ocrx_word' id='word_1_302' title='bbox 436 3390 441 3455; x_wconf 85' lang='grc' dir='ltr'>Ι</span> <span class='ocrx_word' id='word_1_303' title='bbox 462 3390 590 3439; x_wconf 77' lang='lat' dir='ltr'><strong>Venerunt</strong></span> <span class='ocrx_word' id='word_1_304' title='bbox 602 3391 629 3451; x_wconf 98' lang='grc' dir='ltr'><strong>(Β</strong></span> <span class='ocrx_word' id='word_1_305' title='bbox 648 3389 790 3453; x_wconf 72' lang='lat' dir='ltr'><strong>Venientes)</strong></span> <span class='ocrx_word' id='word_1_306' title='bbox 809 3396 863 3442; x_wconf 83' lang='lat' dir='ltr'><strong>aut.</strong></span> <span class='ocrx_word' id='word_1_307' title='bbox 881 3389 908 3452; x_wconf 88' lang='lat' dir='ltr'><strong>(c</strong></span> <span class='ocrx_word' id='word_1_308' title='bbox 927 3390 1035 3454; x_wconf 58' lang='lat' dir='ltr'><strong>&amp;mque</strong></span> <span class='ocrx_word' id='word_1_309' title='bbox 1052 3388 1187 3451; x_wconf 86' lang='lat' dir='ltr'><strong>uenieeent)</strong></span> <span class='ocrx_word' id='word_1_310' title='bbox 1206 3390 1234 3438; x_wconf 89' lang='lat' dir='ltr'><strong>in</strong></span> <span class='ocrx_word' id='word_1_311' title='bbox 1252 3391 1301 3438; x_wconf 78' lang='lat' dir='ltr'><strong>Ar.</strong></span> <span class='ocrx_word' id='word_1_312' title='bbox 1315 3389 1350 3437; x_wconf 83' lang='lat' dir='ltr'><strong>ud</strong></span> <span class='ocrx_word' id='word_1_313' title='bbox 1369 3388 1399 3451; x_wconf 93' lang='grc' dir='ltr'><strong>(Β</strong></span> <span class='ocrx_word' id='word_1_314' title='bbox 1411 3402 1465 3436; x_wconf 70' lang='grc' dir='ltr'><em>Μ</em></span> 
     </span>
     <span class='ocr_line' id='line_1_29' title="bbox 265 3474 1464 3539; baseline -0.004 -13"><span class='ocrx_word' id='word_1_315' title='bbox 265 3476 381 3526; x_wconf 67' lang='lat' dir='ltr'><strong>enisus.</strong></span> <span class='ocrx_word' id='word_1_316' title='bbox 419 3488 433 3525; x_wconf 88' lang='lat' dir='ltr'><strong>c</strong></span> <span class='ocrx_word' id='word_1_317' title='bbox 451 3475 609 3535; x_wconf 72' lang='lat' dir='ltr'><strong>invenenat)</strong></span> <span class='ocrx_word' id='word_1_318' title='bbox 628 3478 680 3525; x_wconf 82' lang='lat' dir='ltr'><strong>loe.</strong></span> <span class='ocrx_word' id='word_1_319' title='bbox 695 3480 720 3524; x_wconf 85' lang='lat' dir='ltr'><strong>et</strong></span> <span class='ocrx_word' id='word_1_320' title='bbox 737 3474 764 3536; x_wconf 91' lang='grc' dir='ltr'><strong>(Β</strong></span> <span class='ocrx_word' id='word_1_321' title='bbox 783 3476 836 3538; x_wconf 90' lang='lat' dir='ltr'><strong>om)</strong></span> <span class='ocrx_word' id='word_1_322' title='bbox 855 3476 930 3525; x_wconf 80' lang='lat' dir='ltr'><strong>odor.</strong></span> <span class='ocrx_word' id='word_1_323' title='bbox 950 3491 1004 3524; x_wconf 76' lang='lat' dir='ltr'><strong>enen</strong></span> <span class='ocrx_word' id='word_1_324' title='bbox 1021 3475 1161 3539; x_wconf 80' lang='lat' dir='ltr'><strong>infaciem</strong></span> <span class='ocrx_word' id='word_1_325' title='bbox 1180 3474 1208 3538; x_wconf 84' lang='lat' dir='ltr'><strong>(c</strong></span> <span class='ocrx_word' id='word_1_326' title='bbox 1226 3477 1253 3524; x_wconf 88' lang='lat' dir='ltr'><strong>in</strong></span> <span class='ocrx_word' id='word_1_327' title='bbox 1262 3475 1353 3538; x_wconf 81' lang='lat' dir='ltr'><strong>socier</strong></span> <span class='ocrx_word' id='word_1_328' title='bbox 1369 3479 1441 3534; x_wconf 77' lang='lat' dir='ltr'><strong>uuae)</strong></span> <span class='ocrx_word' id='word_1_329' title='bbox 1454 3502 1464 3512; x_wconf 93' lang='lat'><strong>·</strong></span> 
     </span>
     <span class='ocr_line' id='line_1_30' title="bbox 265 3559 1464 3626; baseline -0.002 -15"><span class='ocrx_word' id='word_1_330' title='bbox 265 3562 377 3612; x_wconf 78' lang='lat' dir='ltr'><strong>omnibus</strong></span> <span class='ocrx_word' id='word_1_331' title='bbox 400 3562 451 3610; x_wconf 78' lang='lat' dir='ltr'><strong>tuin</strong></span> <span class='ocrx_word' id='word_1_332' title='bbox 474 3561 502 3622; x_wconf 92' lang='grc' dir='ltr'><strong>(Β</strong></span> <span class='ocrx_word' id='word_1_333' title='bbox 519 3561 610 3610; x_wconf 84' lang='lat' dir='ltr'><strong>omnib.</strong></span> <span class='ocrx_word' id='word_1_334' title='bbox 631 3576 695 3625; x_wconf 76' lang='lat' dir='ltr'><strong>quae</strong></span> <span class='ocrx_word' id='word_1_335' title='bbox 719 3566 764 3610; x_wconf 82' lang='lat' dir='ltr'><strong>tua</strong></span> <span class='ocrx_word' id='word_1_336' title='bbox 786 3566 858 3620; x_wconf 84' lang='lat' dir='ltr'><strong>eunt,</strong></span> <span class='ocrx_word' id='word_1_337' title='bbox 885 3563 1003 3613; x_wconf 82' lang='lat' dir='ltr'><strong>comnia</strong></span> <span class='ocrx_word' id='word_1_338' title='bbox 1021 3577 1084 3626; x_wconf 80' lang='lat' dir='ltr'><strong>quae</strong></span> <span class='ocrx_word' id='word_1_339' title='bbox 1101 3559 1187 3623; x_wconf 79' lang='lat' dir='ltr'><strong>leuben)</strong></span> <span class='ocrx_word' id='word_1_340' title='bbox 1205 3590 1215 3600; x_wconf 92' lang='lat'><em>·</em></span> <span class='ocrx_word' id='word_1_341' title='bbox 1233 3559 1303 3611; x_wconf 78' lang='lat' dir='ltr'><strong>cotie</strong></span> <span class='ocrx_word' id='word_1_342' title='bbox 1321 3560 1366 3622; x_wconf 77' lang='lat' dir='ltr'><strong>(nc</strong></span> <span class='ocrx_word' id='word_1_343' title='bbox 1383 3559 1464 3610; x_wconf 62' lang='lat' dir='ltr'><strong>uedu-</strong></span> 
     </span>
     <span class='ocr_line' id='line_1_31' title="bbox 266 3646 1463 3712; baseline -0.002 -15"><span class='ocrx_word' id='word_1_344' title='bbox 266 3648 330 3710; x_wconf 82' lang='lat' dir='ltr'><strong>eum)</strong></span> <span class='ocrx_word' id='word_1_345' title='bbox 348 3652 373 3697; x_wconf 81' lang='lat' dir='ltr'><strong>et</strong></span> <span class='ocrx_word' id='word_1_346' title='bbox 390 3648 456 3697; x_wconf 74' lang='lat' dir='ltr'><strong>muni</strong></span> <span class='ocrx_word' id='word_1_347' title='bbox 473 3676 483 3687; x_wconf 90' lang='lat'><strong>·</strong></span> <span class='ocrx_word' id='word_1_348' title='bbox 501 3651 527 3696; x_wconf 83' lang='lat' dir='ltr'><strong>et</strong></span> <span class='ocrx_word' id='word_1_349' title='bbox 543 3647 600 3696; x_wconf 82' lang='lat' dir='ltr'><strong>ded.</strong></span> <span class='ocrx_word' id='word_1_350' title='bbox 619 3647 646 3709; x_wconf 87' lang='lat' dir='ltr'><strong>(c</strong></span> <span class='ocrx_word' id='word_1_351' title='bbox 660 3646 891 3711; x_wconf 73' lang='lat' dir='ltr'><strong>perrexeruntque)</strong></span> <span class='ocrx_word' id='word_1_352' title='bbox 910 3649 933 3697; x_wconf 88' lang='lat' dir='ltr'><strong>ei</strong></span> <span class='ocrx_word' id='word_1_353' title='bbox 951 3652 1009 3698; x_wconf 80' lang='lat' dir='ltr'><strong>tom.</strong></span> <span class='ocrx_word' id='word_1_354' title='bbox 1022 3665 1060 3712; x_wconf 82' lang='lat' dir='ltr'><strong>ep.</strong></span> <span class='ocrx_word' id='word_1_355' title='bbox 1080 3647 1125 3710; x_wconf 82' lang='grc' dir='ltr'><strong>(Βο</strong></span> <span class='ocrx_word' id='word_1_356' title='bbox 1143 3646 1296 3710; x_wconf 72' lang='lat' dir='ltr'><strong>epistelam).</strong></span> <span class='ocrx_word' id='word_1_357' title='bbox 1333 3646 1405 3696; x_wconf 77' lang='lat' dir='ltr'><strong>Sese.</strong></span> <span class='ocrx_word' id='word_1_358' title='bbox 1418 3662 1463 3695; x_wconf 81' lang='lat' dir='ltr'><strong>uu·</strong></span> 
     </span>
     <span class='ocr_line' id='line_1_32' title="bbox 266 3732 1463 3798; baseline -0.003 -13"><span class='ocrx_word' id='word_1_359' title='bbox 266 3740 315 3785; x_wconf 69' lang='lat' dir='ltr'><strong>usn</strong></span> <span class='ocrx_word' id='word_1_360' title='bbox 332 3734 360 3797; x_wconf 92' lang='grc' dir='ltr'><strong>(Β</strong></span> <span class='ocrx_word' id='word_1_361' title='bbox 378 3751 452 3798; x_wconf 76' lang='lat' dir='ltr'><strong>erpo,</strong></span> <span class='ocrx_word' id='word_1_362' title='bbox 476 3734 606 3798; x_wconf 87' lang='lat' dir='ltr'><strong>citaque)</strong></span> <span class='ocrx_word' id='word_1_363' title='bbox 629 3764 639 3774; x_wconf 91' lang='lat'><em>·</em></span> <span class='ocrx_word' id='word_1_364' title='bbox 662 3739 687 3784; x_wconf 85' lang='lat' dir='ltr'><strong>et</strong></span> <span class='ocrx_word' id='word_1_365' title='bbox 709 3734 786 3797; x_wconf 65' lang='lat' dir='ltr'><strong>erupi.</strong></span> <span class='ocrx_word' id='word_1_366' title='bbox 804 3739 841 3784; x_wconf 80' lang='lat' dir='ltr'><strong>eet</strong></span> <span class='ocrx_word' id='word_1_367' title='bbox 863 3750 901 3797; x_wconf 82' lang='lat' dir='ltr'><strong>ep.</strong></span> <span class='ocrx_word' id='word_1_368' title='bbox 921 3733 1034 3797; x_wconf 70' lang='lat' dir='ltr'><strong>(hocca</strong></span> <span class='ocrx_word' id='word_1_369' title='bbox 1059 3749 1115 3796; x_wconf 77' lang='lat' dir='ltr'><strong>om3</strong></span> <span class='ocrx_word' id='word_1_370' title='bbox 1143 3747 1158 3785; x_wconf 89' lang='lat' dir='ltr'><strong>c</strong></span> <span class='ocrx_word' id='word_1_371' title='bbox 1181 3738 1207 3783; x_wconf 85' lang='lat' dir='ltr'><strong>et</strong></span> <span class='ocrx_word' id='word_1_372' title='bbox 1223 3735 1282 3783; x_wconf 70' lang='lat' dir='ltr'><strong>deun</strong></span> <span class='ocrx_word' id='word_1_373' title='bbox 1300 3734 1395 3797; x_wconf 76' lang='lat' dir='ltr'><strong>leperet</strong></span> <span class='ocrx_word' id='word_1_374' title='bbox 1412 3732 1463 3795; x_wconf 83' lang='lat' dir='ltr'><strong>ep.)</strong></span> 
     </span>
     <span class='ocr_line' id='line_1_33' title="bbox 266 3815 1464 3887; baseline -0.003 -18"><span class='ocrx_word' id='word_1_375' title='bbox 266 3819 440 3882; x_wconf 63' lang='lat' dir='ltr'><strong>benedixitque</strong></span> <span class='ocrx_word' id='word_1_376' title='bbox 463 3817 488 3879; x_wconf 88' lang='lat' dir='ltr'><strong>(c</strong></span> <span class='ocrx_word' id='word_1_377' title='bbox 510 3834 552 3867; x_wconf 90' lang='lat' dir='ltr'><strong>om</strong></span> <span class='ocrx_word' id='word_1_378' title='bbox 571 3818 628 3882; x_wconf 81' lang='lat' dir='ltr'><strong>que)</strong></span> <span class='ocrx_word' id='word_1_379' title='bbox 647 3848 656 3858; x_wconf 95' lang='lat'>·</span> <span class='ocrx_word' id='word_1_380' title='bbox 673 3819 738 3868; x_wconf 77' lang='lat' dir='ltr'><strong>dens·</strong></span> <span class='ocrx_word' id='word_1_381' title='bbox 757 3819 819 3867; x_wconf 80' lang='lat' dir='ltr'><strong>deur</strong></span> <span class='ocrx_word' id='word_1_382' title='bbox 836 3818 864 3880; x_wconf 77' lang='lat' dir='ltr'><strong>(n</strong></span> <span class='ocrx_word' id='word_1_383' title='bbox 883 3818 936 3868; x_wconf 85' lang='lat' dir='ltr'><strong>edd</strong></span> <span class='ocrx_word' id='word_1_384' title='bbox 954 3815 1050 3883; x_wconf 75' lang='lat' dir='ltr'><strong>Israel)</strong></span> <span class='ocrx_word' id='word_1_385' title='bbox 1068 3848 1078 3859; x_wconf 92' lang='lat'><em>·</em></span> <span class='ocrx_word' id='word_1_386' title='bbox 1096 3819 1188 3887; x_wconf 71' lang='lat' dir='ltr'><strong>effund</strong></span> <span class='ocrx_word' id='word_1_387' title='bbox 1214 3819 1244 3881; x_wconf 75' lang='lat' dir='ltr'><strong>(n</strong></span> <span class='ocrx_word' id='word_1_388' title='bbox 1262 3816 1356 3882; x_wconf 77' lang='lat' dir='ltr'><strong>send.)</strong></span> <span class='ocrx_word' id='word_1_389' title='bbox 1375 3846 1384 3857; x_wconf 92' lang='lat'><strong>·</strong></span> <span class='ocrx_word' id='word_1_390' title='bbox 1402 3817 1464 3866; x_wconf 76' lang='lat' dir='ltr'><strong>dene</strong></span> 
     </span>
     <span class='ocr_line' id='line_1_34' title="bbox 267 3902 1463 3969; baseline -0.001 -15"><span class='ocrx_word' id='word_1_391' title='bbox 267 3905 296 3967; x_wconf 90' lang='grc' dir='ltr'><strong>(Β</strong></span> <span class='ocrx_word' id='word_1_392' title='bbox 314 3904 442 3962; x_wconf 79' lang='lat' dir='ltr'><strong>donninue,</strong></span> <span class='ocrx_word' id='word_1_393' title='bbox 467 3917 482 3955; x_wconf 89' lang='lat' dir='ltr'><strong>c</strong></span> <span class='ocrx_word' id='word_1_394' title='bbox 505 3904 570 3953; x_wconf 78' lang='lat' dir='ltr'><strong>doen.</strong></span> <span class='ocrx_word' id='word_1_395' title='bbox 588 3902 642 3968; x_wconf 75' lang='lat' dir='ltr'><strong>cie.)</strong></span> <span class='ocrx_word' id='word_1_396' title='bbox 660 3933 670 3944; x_wconf 93' lang='lat'><strong>·</strong></span> <span class='ocrx_word' id='word_1_397' title='bbox 688 3909 714 3954; x_wconf 83' lang='lat' dir='ltr'><strong>et</strong></span> <span class='ocrx_word' id='word_1_398' title='bbox 732 3920 802 3969; x_wconf 80' lang='lat' dir='ltr'><strong>coep.</strong></span> <span class='ocrx_word' id='word_1_399' title='bbox 823 3903 851 3967; x_wconf 90' lang='grc' dir='ltr'><strong>(Β</strong></span> <span class='ocrx_word' id='word_1_400' title='bbox 872 3909 901 3954; x_wconf 83' lang='lat' dir='ltr'><strong>ut</strong></span> <span class='ocrx_word' id='word_1_401' title='bbox 918 3905 1040 3967; x_wconf 76' lang='lat' dir='ltr'><strong>eriperet)</strong></span> <span class='ocrx_word' id='word_1_402' title='bbox 1057 3920 1095 3953; x_wconf 79' lang='lat' dir='ltr'><strong>ene</strong></span> <span class='ocrx_word' id='word_1_403' title='bbox 1112 3933 1122 3944; x_wconf 92' lang='lat'><strong>·</strong></span> <span class='ocrx_word' id='word_1_404' title='bbox 1141 3905 1260 3967; x_wconf 70' lang='lat' dir='ltr'><strong>apponit</strong></span> <span class='ocrx_word' id='word_1_405' title='bbox 1277 3902 1306 3964; x_wconf 89' lang='grc' dir='ltr'><strong>(Β</strong></span> <span class='ocrx_word' id='word_1_406' title='bbox 1319 3903 1423 3966; x_wconf 77' lang='lat' dir='ltr'><strong>poenit,</strong></span> <span class='ocrx_word' id='word_1_407' title='bbox 1448 3917 1463 3954; x_wconf 88' lang='lat' dir='ltr'><strong>c</strong></span> 
     </span>
     <span class='ocr_line' id='line_1_35' title="bbox 265 3979 1462 4056; baseline 0 -15"><span class='ocrx_word' id='word_1_408' title='bbox 265 3992 463 4056; x_wconf 70' lang='lat' dir='ltr'><strong>iueitappouo</strong></span> <span class='ocrx_word' id='word_1_409' title='bbox 482 3990 681 4053; x_wconf 77' lang='lat' dir='ltr'><strong>eie(ncom)·</strong></span> <span class='ocrx_word' id='word_1_410' title='bbox 700 3992 833 4041; x_wconf 70' lang='lat' dir='ltr'><strong>dormibi</strong></span> <span class='ocrx_word' id='word_1_411' title='bbox 855 3990 883 4054; x_wconf 90' lang='grc' dir='ltr'><strong>(Β</strong></span> <span class='ocrx_word' id='word_1_412' title='bbox 902 3991 956 4055; x_wconf 89' lang='lat' dir='ltr'><strong>om)</strong></span> <span class='ocrx_word' id='word_1_413' title='bbox 981 4007 1039 4041; x_wconf 85' lang='lat' dir='ltr'><strong>cnm</strong></span> <span class='ocrx_word' id='word_1_414' title='bbox 1058 4004 1110 4043; x_wconf 76' lang='lat' dir='ltr'><strong>nnc</strong></span> <span class='ocrx_word' id='word_1_415' title='bbox 1129 4028 1136 4041; x_wconf 90' lang='lat'><em>.</em></span> <span class='ocrx_word' id='word_1_416' title='bbox 1157 4027 1163 4042; x_wconf 92' lang='lat'><em>.</em></span> <span class='ocrx_word' id='word_1_417' title='bbox 1184 3979 1245 4042; x_wconf 69' lang='lat' dir='ltr'><strong>„ebe</strong></span> <span class='ocrx_word' id='word_1_418' title='bbox 1263 3990 1325 4040; x_wconf 73' lang='lat' dir='ltr'><strong>edpr</strong></span> <span class='ocrx_word' id='word_1_419' title='bbox 1352 3991 1389 4040; x_wconf 72' lang='lat' dir='ltr'><strong>nt</strong></span> <span class='ocrx_word' id='word_1_420' title='bbox 1402 4005 1462 4053; x_wconf 78' lang='lat' dir='ltr'><strong>pee-</strong></span> 
     </span>
     <span class='ocr_line' id='line_1_36' title="bbox 265 4073 1464 4142; baseline -0.001 -16"><span class='ocrx_word' id='word_1_421' title='bbox 265 4077 393 4127; x_wconf 77' lang='lat' dir='ltr'><strong>uene&#39;entee</strong></span> <span class='ocrx_word' id='word_1_422' title='bbox 418 4077 469 4125; x_wconf 79' lang='lat' dir='ltr'><strong>oiri</strong></span> <span class='ocrx_word' id='word_1_423' title='bbox 494 4076 529 4125; x_wconf 79' lang='lat' dir='ltr'><strong>ad</strong></span> <span class='ocrx_word' id='word_1_424' title='bbox 553 4073 604 4126; x_wconf 77' lang='lat' dir='ltr'><strong>Ios.</strong></span> <span class='ocrx_word' id='word_1_425' title='bbox 624 4076 767 4126; x_wconf 73' lang='lat' dir='ltr'><strong>eelutuntee</strong></span> <span class='ocrx_word' id='word_1_426' title='bbox 792 4093 846 4125; x_wconf 85' lang='lat' dir='ltr'><strong>eum</strong></span> <span class='ocrx_word' id='word_1_427' title='bbox 870 4077 978 4142; x_wconf 69' lang='lat' dir='ltr'><strong>pacifice</strong></span> <span class='ocrx_word' id='word_1_428' title='bbox 1001 4077 1126 4126; x_wconf 77' lang='lat' dir='ltr'><strong>dederunt</strong></span> <span class='ocrx_word' id='word_1_429' title='bbox 1151 4077 1176 4124; x_wconf 90' lang='lat' dir='ltr'><strong>ei</strong></span> <span class='ocrx_word' id='word_1_430' title='bbox 1202 4075 1314 4125; x_wconf 77' lang='lat' dir='ltr'><strong>libellum</strong></span> <span class='ocrx_word' id='word_1_431' title='bbox 1340 4075 1464 4138; x_wconf 73' lang='lat' dir='ltr'><strong>epistolae</strong></span> 
     </span>
     <span class='ocr_line' id='line_1_37' title="bbox 265 4158 1464 4224; baseline 0 -16"><span class='ocrx_word' id='word_1_432' title='bbox 265 4161 346 4223; x_wconf 84' lang='lat' dir='ltr'><strong>(haec</strong></span> <span class='ocrx_word' id='word_1_433' title='bbox 365 4161 454 4210; x_wconf 84' lang='lat' dir='ltr'><strong>omnia</strong></span> <span class='ocrx_word' id='word_1_434' title='bbox 478 4159 539 4210; x_wconf 76' lang='lat' dir='ltr'><strong>odpr</strong></span> <span class='ocrx_word' id='word_1_435' title='bbox 557 4158 621 4222; x_wconf 86' lang='lat' dir='ltr'><strong>om).</strong></span> <span class='ocrx_word' id='word_1_436' title='bbox 658 4161 695 4209; x_wconf 79' lang='lat' dir='ltr'><strong>Et</strong></span> <span class='ocrx_word' id='word_1_437' title='bbox 713 4176 768 4208; x_wconf 71' lang='lat' dir='ltr'><strong>aem</strong></span> <span class='ocrx_word' id='word_1_438' title='bbox 791 4159 985 4224; x_wconf 71' lang='lat' dir='ltr'><strong>lepieeet(cd1¹r</strong></span> <span class='ocrx_word' id='word_1_439' title='bbox 1001 4160 1120 4224; x_wconf 79' lang='lat' dir='ltr'><strong>perlecto</strong></span> <span class='ocrx_word' id='word_1_440' title='bbox 1142 4158 1263 4224; x_wconf 76' lang='lat' dir='ltr'><strong>epistola)</strong></span> <span class='ocrx_word' id='word_1_441' title='bbox 1284 4159 1376 4224; x_wconf 82' lang='lat' dir='ltr'><strong>Ioeepie</strong></span> <span class='ocrx_word' id='word_1_442' title='bbox 1396 4160 1464 4208; x_wconf 69' lang='lat' dir='ltr'><strong>dixit</strong></span> 
     </span>
     <span class='ocr_line' id='line_1_38' title="bbox 264 4245 1464 4311; baseline -0.003 -14"><span class='ocrx_word' id='word_1_443' title='bbox 264 4248 419 4297; x_wconf 74' lang='lat' dir='ltr'><strong>Benedictus</strong></span> <span class='ocrx_word' id='word_1_444' title='bbox 436 4248 551 4296; x_wconf 79' lang='lat' dir='ltr'><strong>dominus</strong></span> <span class='ocrx_word' id='word_1_445' title='bbox 569 4246 642 4309; x_wconf 76' lang='lat' dir='ltr'><strong>(odpr</strong></span> <span class='ocrx_word' id='word_1_446' title='bbox 659 4247 713 4311; x_wconf 87' lang='lat' dir='ltr'><strong>om)</strong></span> <span class='ocrx_word' id='word_1_447' title='bbox 731 4247 792 4296; x_wconf 81' lang='lat' dir='ltr'><strong>deur</strong></span> <span class='ocrx_word' id='word_1_448' title='bbox 813 4246 886 4309; x_wconf 68' lang='lat' dir='ltr'><strong>(edpi</strong></span> <span class='ocrx_word' id='word_1_449' title='bbox 904 4247 957 4295; x_wconf 83' lang='lat' dir='ltr'><strong>add</strong></span> <span class='ocrx_word' id='word_1_450' title='bbox 975 4247 1055 4310; x_wconf 72' lang='lat' dir='ltr'><strong>Iun),</strong></span> <span class='ocrx_word' id='word_1_451' title='bbox 1078 4247 1121 4310; x_wconf 76' lang='lat' dir='ltr'><strong>qui</strong></span> <span class='ocrx_word' id='word_1_452' title='bbox 1145 4245 1262 4295; x_wconf 73' lang='lat' dir='ltr'><strong>libes-aeti</strong></span> <span class='ocrx_word' id='word_1_453' title='bbox 1282 4245 1354 4309; x_wconf 71' lang='lat' dir='ltr'><strong>(edpr</strong></span> <span class='ocrx_word' id='word_1_454' title='bbox 1371 4246 1464 4309; x_wconf 58' lang='lat' dir='ltr'><strong>sumt)</strong></span> 
     </span>
     <span class='ocr_line' id='line_1_39' title="bbox 265 4333 1465 4404; baseline -0.001 -19"><span class='ocrx_word' id='word_1_455' title='bbox 265 4335 352 4386; x_wconf 80' lang='lat' dir='ltr'><strong>lenaei</strong></span> <span class='ocrx_word' id='word_1_456' title='bbox 376 4335 421 4398; x_wconf 68' lang='grc' dir='ltr'><strong>(1)ι</strong></span> <span class='ocrx_word' id='word_1_457' title='bbox 442 4352 480 4385; x_wconf 82' lang='lat' dir='ltr'><strong>ene</strong></span> <span class='ocrx_word' id='word_1_458' title='bbox 502 4335 534 4384; x_wconf 83' lang='lat' dir='ltr'><strong>ed</strong></span> <span class='ocrx_word' id='word_1_459' title='bbox 556 4335 622 4400; x_wconf 79' lang='lat' dir='ltr'><strong>Ier.)</strong></span> <span class='ocrx_word' id='word_1_460' title='bbox 645 4340 675 4385; x_wconf 85' lang='lat' dir='ltr'><strong>ut</strong></span> <span class='ocrx_word' id='word_1_461' title='bbox 699 4352 748 4385; x_wconf 83' lang='lat' dir='ltr'><strong>nen</strong></span> <span class='ocrx_word' id='word_1_462' title='bbox 771 4336 911 4404; x_wconf 54' lang='grc' dir='ltr'><strong>φησι(</strong></span> <span class='ocrx_word' id='word_1_463' title='bbox 931 4336 1077 4399; x_wconf 74' lang='lat' dir='ltr'><strong>eenpuinem</strong></span> <span class='ocrx_word' id='word_1_464' title='bbox 1100 4351 1188 4384; x_wconf 73' lang='lat' dir='ltr'><strong>eumn.</strong></span> <span class='ocrx_word' id='word_1_465' title='bbox 1224 4335 1378 4384; x_wconf 69' lang='lat' dir='ltr'><strong>Benedictus</strong></span> <span class='ocrx_word' id='word_1_466' title='bbox 1402 4333 1465 4384; x_wconf 70' lang='lat' dir='ltr'><strong>dees</strong></span> 
     </span>
     <span class='ocr_line' id='line_1_40' title="bbox 266 4418 1463 4486; baseline -0.003 -15"><span class='ocrx_word' id='word_1_467' title='bbox 266 4422 339 4485; x_wconf 78' lang='lat' dir='ltr'><strong>(edpr</strong></span> <span class='ocrx_word' id='word_1_468' title='bbox 357 4437 399 4471; x_wconf 88' lang='lat' dir='ltr'><strong>om</strong></span> <span class='ocrx_word' id='word_1_469' title='bbox 424 4420 501 4485; x_wconf 77' lang='lat' dir='ltr'><strong>haec)</strong></span> <span class='ocrx_word' id='word_1_470' title='bbox 526 4422 569 4486; x_wconf 80' lang='lat' dir='ltr'><strong>qui</strong></span> <span class='ocrx_word' id='word_1_471' title='bbox 591 4422 731 4485; x_wconf 71' lang='lat' dir='ltr'><strong>proiecisti</strong></span> <span class='ocrx_word' id='word_1_472' title='bbox 754 4419 828 4485; x_wconf 82' lang='lat' dir='ltr'><strong>(de</strong></span> <span class='ocrx_word' id='word_1_473' title='bbox 851 4425 876 4471; x_wconf 82' lang='lat' dir='ltr'><strong>et</strong></span> <span class='ocrx_word' id='word_1_474' title='bbox 898 4420 1025 4485; x_wconf 74' lang='lat' dir='ltr'><strong>protexit)</strong></span> <span class='ocrx_word' id='word_1_475' title='bbox 1043 4437 1082 4470; x_wconf 85' lang='lat' dir='ltr'><strong>nre</strong></span> <span class='ocrx_word' id='word_1_476' title='bbox 1099 4420 1143 4470; x_wconf 83' lang='lat' dir='ltr'><strong>eud</strong></span> <span class='ocrx_word' id='word_1_477' title='bbox 1161 4421 1212 4471; x_wconf 82' lang='lat' dir='ltr'><strong>elie</strong></span> <span class='ocrx_word' id='word_1_478' title='bbox 1229 4421 1281 4470; x_wconf 73' lang='lat' dir='ltr'><strong>tuin</strong></span> <span class='ocrx_word' id='word_1_479' title='bbox 1297 4418 1372 4484; x_wconf 74' lang='lat' dir='ltr'><strong>(edl’r</strong></span> <span class='ocrx_word' id='word_1_480' title='bbox 1389 4419 1463 4481; x_wconf 77' lang='lat' dir='ltr'><strong>euin).</strong></span> 
     </span>
     <span class='ocr_line' id='line_1_41' title="bbox 265 4503 1465 4572; baseline -0.005 -13"><span class='ocrx_word' id='word_1_481' title='bbox 265 4510 303 4559; x_wconf 72' lang='lat' dir='ltr'><strong>Ee</strong></span> <span class='ocrx_word' id='word_1_482' title='bbox 320 4510 450 4560; x_wconf 69' lang='lat' dir='ltr'><strong>osculatus</strong></span> <span class='ocrx_word' id='word_1_483' title='bbox 467 4513 506 4558; x_wconf 85' lang='lat' dir='ltr'><strong>eet</strong></span> <span class='ocrx_word' id='word_1_484' title='bbox 523 4524 565 4559; x_wconf 86' lang='lat' dir='ltr'><strong>eoe</strong></span> <span class='ocrx_word' id='word_1_485' title='bbox 582 4509 673 4572; x_wconf 75' lang='lat' dir='ltr'><strong>Ioseph</strong></span> <span class='ocrx_word' id='word_1_486' title='bbox 691 4509 735 4572; x_wconf 80' lang='lat'>(1)⁰</span> <span class='ocrx_word' id='word_1_487' title='bbox 753 4513 790 4558; x_wconf 82' lang='lat' dir='ltr'><strong>eet</strong></span> <span class='ocrx_word' id='word_1_488' title='bbox 808 4508 860 4557; x_wconf 84' lang='lat' dir='ltr'><strong>loe.</strong></span> <span class='ocrx_word' id='word_1_489' title='bbox 878 4508 948 4557; x_wconf 79' lang='lat' dir='ltr'><strong>vince</strong></span> <span class='ocrx_word' id='word_1_490' title='bbox 965 4507 1009 4571; x_wconf 79' lang='lat' dir='ltr'><strong>qui</strong></span> <span class='ocrx_word' id='word_1_491' title='bbox 1030 4511 1163 4565; x_wconf 65' lang='lat' dir='ltr'><strong>ueneruntf</strong></span> <span class='ocrx_word' id='word_1_492' title='bbox 1187 4505 1248 4557; x_wconf 71' lang='lat' dir='ltr'><strong>edpr</strong></span> <span class='ocrx_word' id='word_1_493' title='bbox 1265 4506 1388 4556; x_wconf 62' lang='lat' dir='ltr'><strong>venietis</strong></span> <span class='ocrx_word' id='word_1_494' title='bbox 1410 4503 1465 4554; x_wconf 69' lang='lat'><em>1⁷11</em></span> 
     </span>
     <span class='ocr_line' id='line_1_42' title="bbox 265 4593 1012 4659; baseline -0.005 -14"><span class='ocrx_word' id='word_1_495' title='bbox 265 4594 341 4657; x_wconf 81' lang='lat' dir='ltr'><strong>uiris)</strong></span> <span class='ocrx_word' id='word_1_496' title='bbox 360 4599 385 4645; x_wconf 81' lang='lat' dir='ltr'><strong>et</strong></span> <span class='ocrx_word' id='word_1_497' title='bbox 403 4595 513 4659; x_wconf 74' lang='lat' dir='ltr'><strong>succepit</strong></span> <span class='ocrx_word' id='word_1_498' title='bbox 531 4593 604 4656; x_wconf 76' lang='lat' dir='ltr'><strong>(edpr</strong></span> <span class='ocrx_word' id='word_1_499' title='bbox 622 4594 754 4659; x_wconf 74' lang='lat' dir='ltr'><strong>meceptie)</strong></span> <span class='ocrx_word' id='word_1_500' title='bbox 773 4596 799 4642; x_wconf 82' lang='lat' dir='ltr'><strong>in</strong></span> <span class='ocrx_word' id='word_1_501' title='bbox 817 4594 914 4643; x_wconf 66' lang='lat' dir='ltr'><strong>mum</strong></span> <span class='ocrx_word' id='word_1_502' title='bbox 932 4609 1012 4642; x_wconf 73' lang='lat' dir='ltr'><strong>nmen.</strong></span> 
     </span>
    </p>

    <p class='ocr_par' dir='ltr' id='par_1_5' title="bbox 333 4676 1464 4745">
     <span class='ocr_line' id='line_1_43' title="bbox 333 4676 1464 4745; baseline -0.005 -13"><span class='ocrx_word' id='word_1_503' title='bbox 333 4686 359 4733; x_wconf 76' lang='lat'><strong>4.</strong></span> <span class='ocrx_word' id='word_1_504' title='bbox 396 4683 434 4732; x_wconf 72' lang='lat' dir='ltr'><strong>Ee</strong></span> <span class='ocrx_word' id='word_1_505' title='bbox 452 4678 480 4742; x_wconf 88' lang='grc' dir='ltr'><strong>(Β</strong></span> <span class='ocrx_word' id='word_1_506' title='bbox 499 4681 551 4745; x_wconf 91' lang='lat' dir='ltr'><strong>om)</strong></span> <span class='ocrx_word' id='word_1_507' title='bbox 569 4698 642 4731; x_wconf 79' lang='lat' dir='ltr'><strong>mane</strong></span> <span class='ocrx_word' id='word_1_508' title='bbox 659 4685 789 4745; x_wconf 71' lang='lat' dir='ltr'><strong>serpentes</strong></span> <span class='ocrx_word' id='word_1_509' title='bbox 806 4678 833 4743; x_wconf 90' lang='grc' dir='ltr'><strong>(Β</strong></span> <span class='ocrx_word' id='word_1_510' title='bbox 846 4696 917 4744; x_wconf 75' lang='lat' dir='ltr'><strong>·9ene</strong></span> <span class='ocrx_word' id='word_1_511' title='bbox 928 4679 1028 4743; x_wconf 79' lang='lat' dir='ltr'><strong>Ioeepir.</strong></span> <span class='ocrx_word' id='word_1_512' title='bbox 1055 4679 1244 4743; x_wconf 75' lang='lat' dir='ltr'><strong>chipilontee</strong></span> <span class='ocrx_word' id='word_1_513' title='bbox 1261 4676 1364 4740; x_wconf 77' lang='lat' dir='ltr'><strong>eutem),</strong></span> <span class='ocrx_word' id='word_1_514' title='bbox 1383 4679 1464 4728; x_wconf 68' lang='lat' dir='ltr'><strong>etrum</strong></span> 
     </span>
    </p>
   </div>
   <div class='ocr_carea' id='block_1_4' title="bbox 0 0 1734 5640">
    <p class='ocr_par' dir='ltr' id='par_1_6' title="bbox 0 0 1734 5640">
     <span class='ocr_line' id='line_1_44' title="bbox 0 0 1734 5640; baseline 0 0"><span class='ocrx_word' id='word_1_515' title='bbox 0 0 1734 5640; x_wconf 95' lang='lat' dir='ltr'><strong> </strong></span> 
     </span>
    </p>
   </div>
  </div>
 </body>
</html>
