3458 5640
278 634 339 696 174
499 634 731 686 evadendum
749 633 896 685 dnonas:
915 634 1084 686 namnum.
1112 633 1187 684 VIII.
1206 633 1253 686 lx.

278 783 419 850 functus
430 783 554 863 fueret,
576 783 740 848 dicebant
755 782 1063 849 adversusIesum:
1086 782 1178 852 Vere
1189 788 1227 850 tu
1245 804 1323 850 eum
1340 785 1475 850 irruere

278 888 406 954 fecisti.
430 887 478 953 Et
493 885 754 952 insidiabantur
770 886 812 952 ei.
836 884 938 953 Iesus
956 892 1070 952 autem
1083 885 1299 953 descendens
1317 886 1475 955 dedomo

278 989 341 1056 illa
357 993 455 1057 stetit
472 1011 577 1074 super
599 992 769 1056 infantem
785 996 959 1055 mortuum
981 997 1017 1056 et
1032 989 1192 1057 clamauit
1207 989 1302 1057 clara
1316 1011 1399 1058 voce
1416 1013 1477 1057 no·

279 1116 356 1161 men
373 1095 533 1161 intentis:
558 1091 666 1160 Sinoo
684 1092 802 1176 Since,
820 1114 922 1178 surge
940 1100 975 1159 et
991 1094 1047 1160 dic
1063 1095 1092 1160 si
1109 1115 1173 1179 ego
1192 1095 1325 1161 irruere
1341 1102 1376 1160 te
1394 1094 1474 1161 feci.

278 1197 326 1263 Et
336 1197 452 1265 subito
464 1197 774 1264 surrexitetdixit:
797 1196 889 1280 Non,
907 1197 1057 1263 domine.
1082 1195 1475 1265 Oumvidisscntautcm

279 1307 442 1385 parentes
459 1303 534 1368 eius
551 1307 621 1367 tam
638 1321 800 1384 magnum
814 1300 1019 1366 miraculum
1037 1300 1130 1384 quod
1146 1300 1233 1366 fecit
1241 1301 1354 1384 Iesus,
1371 1301 1476 1386 glori·

279 1405 469 1468 ficaverunt
485 1402 587 1467 deum
605 1407 640 1467 et
655 1401 888 1466 adorauerunt
902 1401 1031 1465 Iesum.

398 1575 490 1627 Cruor
509 1575 583 1625 VIII.
620 1574 794 1634 QUOMODO
812 1573 913 1625 lusus
933 1574 1085 1625 ssusvl'r
1102 1574 1222 1625 Pennus
1240 1575 1355 1627 Puteal.

366 1690 481 1757 ¹Poet
499 1711 630 1776 paucos
651 1710 732 1757 vero
753 1689 828 1756 dica
849 1710 937 1774 puer
958 1689 1098 1775 quidam
1119 1690 1156 1755 in
1176 1691 1252 1774 ipae
1272 1692 1347 1757 vico
1368 1690 1475 1758 finde·

279 1794 340 1860 bat
354 1794 451 1880 ligna
466 1796 708 1880 percussitque
725 1794 849 1879 pedem
866 1816 976 1860 suum.
1019 1794 1030 1828 ¹
1045 1793 1094 1859 Et
1109 1814 1186 1860 cum
1203 1796 1357 1860 venisset
1372 1795 1476 1861 turba

279 1898 389 1965 multa
406 1898 448 1964 ad
465 1918 559 1983 eum,
580 1900 676 1966 uenit
698 1905 734 1965 ct
747 1897 849 1965 Iesus
869 1919 945 1965 cum
962 1897 1045 1964 illis.
1075 1897 1124 1963 Et
1139 1899 1258 1983 tetigit
1273 1899 1397 1982 pedem
1415 1904 1475 1986 qui

279 2001 395 2068 laesus
407 2001 531 2086 suerat,
550 2004 711 2070 etsubito
723 2024 827 2069 sanus
844 2002 958 2069 factus
976 2011 1039 2069 est.
1062 2002 1164 2069 Dixit
1179 2010 1296 2070 autem
1313 2006 1345 2070 ei
1356 2006 1472 2070 Iesus:

280 2102 575 2204 sufficeretur,
592 2107 696 2194 licre.
713 2113 756 2202 et
771 2107 1025 2206 eumezuuu
1077 2105 1164 2173 Cum
1189 2112 1305 2174 auam
1329 2108 1477 2174 uuam

278 2207 382 2274 turbu
402 2210 503 2293 signa
525 2230 612 2294 quae
639 2229 714 2274 cum
741 2230 781 2276 eo
807 2203 1017 2293 factasunt,
1044 2209 1277 2276 adoraverunt
1297 2210 1416 2278 Iesum
1442 2217 1477 2276 et

279 2311 455 2378 dixerunt:
486 2312 578 2382 Vere
598 2314 791 2379 certissime
809 2312 981 2380 credimus
999 2313 1081 2398 quia
1100 2313 1186 2380 deus
1204 2335 1251 2381 es.

368 2486 461 2540 Cardu
480 2489 525 2541 IX.
561 2489 738 2551 QUALI'I'IIR
756 2489 856 2542 IESUS
876 2490 1026 2542 A'I'IULII'
1043 2489 1166 2551 eduen
1188 2491 1228 2542 IN
1246 2488 1383 2542 Pramo.

363 2606 439 2673 Ἐἰ
464 2627 540 2673 cum
566 2612 660 2673 esset
683 2605 785 2673 Iesus
810 2627 979 2674 annorum
1005 2628 1081 2690 sex,
1107 2606 1236 2674 direxit
1260 2628 1338 2674 eum
1364 2614 1476 2673 muter

278 2709 353 2775 eiua
370 2709 413 2775 ad
430 2709 658 2776 hauriendam
678 2730 813 2794 aquam.
839 2708 1269 2794 OumqueveniaactIesus
1286 2712 1329 2775 ad
1341 2711 1474 2776 fontem

279 2885 338 2935 ado.
352 2884 416 2934 Ies..·
440 2885 503 2935 t'ere
516 2890 543 2935 tu
561 2885 632 2934 ittum
644 2901 718 2935 ruere
722 2887 823 2951 fecisti.
848 2885 920 2934 Iesus
931 2890 1015 2934 autem
1026 2885 1108 2935 diest:
1128 2885 1186 2950 Byo
1198 2901 1323 2950 uunquam
1335 2901 1388 2935 eum
1401 2902 1476 2935 ruere

269 2972 335 3035 sesi.
347 2971 416 3035 Jpsu'
427 2986 486 3021 vero
499 2971 688 3021 insidiabuntur
700 2972 821 3021 aduersus
834 2972 923 3021 Iesuem.
947 2971 1087 3021 Descendit
1104 2987 1164 3035 eryo
1177 2970 1249 3020 Iesus
1260 2971 1291 3021 de
1303 2971 1375 3021 domo
1388 2970 1438 3020 ille
1449 2976 1476 3021 et

278 3057 352 3106 stetit
371 3072 446 3118 super
462 3057 585 3122 insontem
603 3056 675 3106 illum
699 3063 724 3107 et
742 3057 870 3106 ctauuudot
888 3071 945 3106 uoce
964 3056 1038 3105 ctare
1056 3072 1142 3106 nomeu
1159 3056 1268 3122 insontis
1284 3057 1383 3106 diceus:
1407 3057 1474 3106 Zeno

278 3143 359 3202 Zeno,
377 3159 452 3206 surye
468 3146 493 3192 et
504 3143 546 3192 die
563 3145 586 3192 su'
602 3159 646 3208 eqo
659 3147 683 3192 te
695 3159 770 3193 ruere
779 3144 845 3208 feci.
870 3145 908 3191 At
926 3141 970 3191 itte
983 3144 1128 3206 reepoudit:
1152 3141 1222 3201 Nou,
1240 3143 1347 3191 domiue.
1371 3142 1475 3191 Etcum

278 3231 399 3280 uidissent
408 3235 530 3294 parentes
537 3231 615 3292 pueri
626 3232 670 3295 qui
680 3236 793 3280 mortuus
797 3231 892 3296 suerat
903 3231 1002 3294 qroude
1013 3230 1163 3279 miraculum
1176 3229 1315 3294 queodseeit
1328 3228 1408 3287 Iesus,
1419 3228 1474 3292 yto-

279 3316 344 3383 ruste.
357 3316 396 3366 ds.
410 3321 434 3367 et
446 3317 519 3366 udor·
535 3316 584 3366 Ies.

349 3402 424 3453 VIII.
443 3403 516 3452 IIeec
529 3403 619 3467 paullo
633 3404 742 3467 propius
758 3403 891 3452 secedunt
907 3403 941 3452 ud
959 3418 1052 3467 evang.
1065 3402 1157 3451 Thom.
1171 3400 1215 3450 Gr.
1228 3405 1248 3450 Α
1262 3400 1292 3449 X.
1311 3417 1388 3465 quam
1406 3402 1440 3450 ed
1454 3404 1474 3449 li

280 3489 325 3538 IX.
352 3488 384 3538 In
397 3488 456 3538 Per.
470 3488 527 3538 cod.
541 3487 687 3553 respondet
699 3499 781 3552 ceput
793 3488 910 3537 XXXIV.
924 3488 974 3536 hoc
988 3489 1084 3538 titulo:
1108 3486 1180 3549 Quod
1193 3486 1265 3537 Iesus
1276 3489 1377 3536 sanauit
1387 3488 1474 3548 pedem

272 3576 398 3641 findentis
410 3575 488 3639 liena.
513 3574 625 3639 Legitur
637 3579 725 3625 sutom
738 3576 796 3638 ipae
809 3575 922 3624 historia
934 3574 972 3623 ibi
986 3575 1056 3623 hunc
1070 3575 1097 3623 in
1111 3573 1231 3622 modum:

348 3662 412 3711 Post
419 3677 517 3724 paucos
528 3662 619 3710 itereuo
627 3660 682 3709 dies
695 3686 703 3696 -
709 3660 828 3727 studebat
840 3660 976 3722 (omissum
989 3665 1031 3710 eut
1041 3659 1122 3723 diona)
1134 3665 1160 3709 et
1168 3660 1296 3722 percussit
1303 3659 1393 3723 pedem
1405 3675 1475 3709 suum

271 3748 392 3813 sortiter.
419 3747 458 3798 Et
470 3764 524 3797 cum
535 3748 642 3798 uerisset
654 3746 728 3796 turbu
741 3747 822 3796 mutto
833 3748 867 3796 ud
878 3747 1009 3798 uidendum
1022 3763 1084 3804 euin,
1097 3747 1165 3796 veuit
1176 3749 1201 3796 et
1212 3745 1284 3796 Iesus
1296 3762 1350 3795 cum
1363 3747 1433 3808 ipsis,
1449 3751 1475 3795 et

280 3851 334 3883 eum
352 3835 476 3899 tetiyieset
489 3835 578 3898 pedem
596 3836 676 3898 ipsius
689 3836 732 3900 qui
748 3834 815 3885 lesus
824 3836 932 3901 suerat,
949 3835 1031 3885 subito
1043 3851 1120 3884 sursus
1129 3835 1223 3900 sactus
1240 3839 1285 3884 est.
1309 3835 1432 3900 Dicitque
1450 3838 1474 3884 ei

279 3921 352 3971 Iesus
368 3948 377 3959 ·
396 3927 420 3972 et
433 3939 570 3972 memorare
582 3921 644 3985 (sic)
657 3924 711 3972 mei.
738 3921 796 3972 Cum
813 3948 821 3959 ·
840 3924 913 3987 siguo
925 3937 990 3986 quoe
998 3924 1069 3988 seuit
1080 3923 1153 3981 deus,
1170 3921 1343 3970 adorauerunt
1359 3921 1432 3970 deum
1449 3926 1474 3971 et

279 4008 399 4058 dixerunt
406 4028 413 4057 .·
436 4008 500 4058 Vere
510 4010 663 4058 certissimus
671 4009 732 4059 deus
743 4013 788 4058 est.
808 4007 926 4059 Similem
937 4009 1076 4058 historiam
1087 4024 1119 4058 cx
1129 4007 1187 4057 eod.
1197 4020 1214 4054 n
1229 4007 1363 4078 hausimus
1377 4016 1408 4056 ut
1421 4009 1472 4056 iem

280 4094 313 4144 ed
325 4093 369 4144 Pu.
382 4095 481 4144 Muttb.
494 4094 607 4143 XXXIII
621 4095 768 4144 indicatum
782 4099 831 4144 est.
860 4093 898 4143 ua
911 4094 953 4144 his
967 4095 1120 4157 conscripta
1132 4093 1220 4141 verbis
1234 4101 1290 4142 est:
1314 4092 1374 4141 Oum
1391 4097 1474 4142 autem

280 4180 352 4230 Iesus
364 4185 428 4230 esset
440 4197 562 4230 aurorum
575 4180 713 4239 duodecim,
722 4196 788 4243 puer
800 4180 902 4243 quidum
920 4181 946 4228 ire
962 4181 1030 4237 ouo,
1050 4179 1092 4228 udi
1106 4178 1238 4227 dubitabat
1256 4195 1310 4227 cum
1324 4180 1476 4241 parentibus

279 4268 340 4325 suis,
352 4266 483 4316 seimtedat
496 4266 575 4330 liquo,
588 4272 613 4315 et
621 4267 679 4314 dum
691 4267 867 4323 scinderetur,
880 4281 962 4315 omres
971 4265 1065 4328 diuites
1075 4265 1148 4326 pedis
1159 4266 1199 4313 sui
1210 4264 1296 4313 deutri
1304 4266 1474 4314 detruncavit.

280 4352 318 4400 Er
336 4368 390 4401 cum
407 4352 481 4401 turdo
494 4353 631 4401 uicinorum
643 4353 796 4401 cucurrisset
810 4352 925 4410 adeum,
942 4352 1011 4400 uenit
1023 4351 1108 4409 Iesus,
1127 4352 1199 4400 unxit
1215 4351 1241 4399 iu
1254 4351 1320 4413 pede
1332 4351 1405 4399 itlius
1418 4347 1474 4414 [et]

279 4438 361 4487 subito
373 4440 416 4501 qui
429 4437 612 4502 laesussuerot
622 4439 796 4503 candefactus
807 4442 853 4496 est,
866 4436 932 4499 quod
944 4453 989 4486 ree
1001 4439 1097 4501 storum
1110 4437 1215 4499 aliquod
1227 4437 1254 4485 ie
1261 4435 1327 4498 pede
1339 4439 1474 4498 apparuis-

279 4528 324 4574 set.
353 4525 392 4574 Et
408 4525 475 4574 distr
494 4524 536 4574 uu
552 4524 637 4574 Iesus:
661 4524 743 4589 Surye
759 4529 784 4575 et
799 4524 884 4574 scinde
903 4523 987 4589 liquem
1005 4540 1143 4574 mesuorure
1156 4523 1219 4587 (uic)
1232 4524 1287 4573 mei.
1314 4521 1373 4571 Oeen
1391 4527 1476 4571 autem

279 4610 383 4660 uidisset
395 4610 470 4660 turdo
482 4612 579 4677 siquem
591 4612 778 4677 quodsecerot‚
799 4611 971 4662 Moraenuut
982 4627 1036 4660 eum
1047 4611 1172 4661 diceutes:
1201 4610 1266 4660 Vero
1279 4610 1403 4659 &edimus
1414 4611 1476 4673 quia

279 4700 369 4748 diceet
383 4697 505 4751 Christus.

347 4783 392 4834 IX.
413 4783 452 4834 Ct.
470 4800 564 4852 eusng·
584 4786 676 4836 Thom.
697 4785 740 4837 Or.
758 4784 838 4834 dxl.
858 4790 886 4836 et
904 4786 925 4834 13
939 4785 970 4835 x.
999 4785 1068 4838 Item
1085 4786 1128 4836 Pu.
1146 4787 1245 4836 Mercu.
1263 4802 1320 4850 esp.
1333 4781 1412 4833 XXX.
1443 4782 1475 4832 In
