3458 5640
270 582 375 628 mm
733 559 1004 612 Psonaeonsscus.

377 756 439 826 IV.
483 754 716 822 HISTORIA
738 753 933 821 IOSEPHI
955 751 1104 818 FABRI
1125 751 1362 820 LIGNARII.

358 892 545 959 Historiam
560 890 695 975 Iosephi
713 891 799 957 fabri
816 891 949 975 lignarii
967 888 1071 956 latine
1090 890 1260 972 edidimus,
1281 895 1469 972 repetentes

272 1004 581 1088 interpretationem
607 1002 749 1068 Wallini
778 1001 817 1066 de
849 1000 984 1071 arabico
1012 1000 1149 1085 factam,
1181 1000 1268 1084 apud
1294 999 1469 1065 Thilonem

274 1137 354 1182 cura
382 1114 518 1181 Aemilii
549 1113 716 1199 Roediger
753 1112 929 1197 aliquoties
966 1118 1135 1178 mutatam.
1192 1110 1360 1177 Arabicus
1391 1132 1467 1206 veqo

273 1233 384 1295 textus
413 1233 446 1294 et
472 1227 543 1310 ipse
566 1227 679 1292 deberi
700 1225 832 1307 videtur
856 1225 1031 1308 interpreti
1059 1226 1168 1309 operis
1193 1224 1468 1309 copticescripti.

275 1339 370 1427 Quod
394 1361 493 1423 quam
521 1342 610 1403 recte
639 1358 713 1402 cum
735 1337 876 1414 Thilone
904 1343 937 1401 et
957 1335 1137 1401 Dulaurier
1165 1337 1251 1416 (vide
1273 1334 1374 1417 infra)
1405 1338 1469 1400 eta

272 1457 418 1532 tuamne,
447 1449 590 1532 primurn
616 1447 777 1530 probatur
803 1446 971 1512 codicibus
1001 1447 1138 1530 copticis
1165 1447 1286 1529 partim
1310 1446 1469 1529 memphi·

273 1563 358 1627 tioae
380 1560 502 1644 partim
525 1557 691 1625 sabidicae
716 1556 849 1622 dialecti
866 1557 984 1640 quibus
1007 1557 1088 1623 haec
1109 1557 1250 1623 historia
1265 1537 1469 1623 continetur.

275 1671 376 1754 (Vide
393 1669 502 1753 intra.)
532 1669 589 1734 Ita
611 1670 697 1735 enirn
719 1668 788 1735 iere
811 1667 913 1734 fiebat
934 1674 972 1733 ut
994 1670 1051 1752 qui
1073 1670 1216 1752 primum
1239 1670 1367 1753 coptice
1390 1669 1469 1734 scri·

274 1784 433 1849 berentnr
448 1781 535 1863 libri,
556 1781 581 1846 ii
600 1786 677 1864 post
700 1780 833 1845 arabice
847 1784 1067 1845 verterentur:
1091 1779 1365 1864 quemadmodum
1382 1779 1469 1863 apud

276 1894 401 1978 Coptos
424 1895 604 1960 etiamnum
626 1893 722 1958 multi
742 1892 821 1958 libri
838 1890 1004 1957 habentur
1019 1892 1060 1958 ad
1074 1882 1256 1977 marginem
1273 1893 1469 1976 antiquioris

275 2013 386 2073 textus
414 2005 535 2090 coptioi
563 2003 699 2070 arabica
721 2005 871 2071 versione
895 2004 1022 2085 donati,
1050 2025 1232 2088 rursusque
1260 2005 1317 2071 alii
1339 2003 1471 2069 arabice

274 2124 405 2185 tantum
428 2116 543 2201 scripti
571 2115 612 2181 ad
639 2116 730 2200 ipsos
758 2136 837 2181 usus
865 2116 1105 2181 ecclesiasticos
1133 2115 1344 2196 adhibentur,
1374 2115 1472 2198 quale

276 2236 327 2296 eet
355 2229 456 2294 etiam
482 2225 702 2312 Synaxarium
725 2226 912 2292 Medioeum
940 2227 1098 2293 ecclesiae
1121 2225 1303 2310 Ooptorum
1326 2227 1471 2292 Alexan-

276 2339 392 2434 drinae
414 2359 501 2418 anno
519 2338 643 2406 Christi
667 2340 749 2404 1425
773 2344 944 2404 exaratum
953 2339 988 2421 ¹).
1031 2336 1196 2404 Nimirum
1219 2338 1342 2404 dudum
1365 2359 1471 2403 sermo

276 2452 425 2534 copticus
448 2450 537 2533 apud
559 2449 648 2533 ipsos
664 2447 789 2533 Coptos
812 2448 955 2514 abolevit
977 2451 1011 2513 in
1034 2450 1169 2532 eiusque
1190 2450 1300 2515 locum
1319 2448 1472 2514 arabicus

276 2563 444 2629 successit.
488 2560 602 2645 Atque
634 2561 735 2626 etiam
767 2560 920 2625 arabicus
952 2559 1056 2625 codex
1086 2560 1114 2624 is
1143 2581 1207 2644 quo
1225 2560 1279 2628 ,ad
1311 2560 1472 2626 edendum

280 2673 443 2739 Wallinus
471 2694 550 2738 usus
578 2679 642 2754 est,
674 2694 713 2736 ex
740 2672 894 2755 Aegypto
922 2671 1070 2737 Parisios
1099 2693 1179 2737 eura
1199 2670 1387 2736 Wanslehii
1416 2672 1470 2736 ad·
1568 2673 1570 2677 ’

276 2790 390 2849 vectus
422 2789 486 2863 eat,
518 2784 575 2865 qui
606 2781 693 2847 haud
720 2781 819 2845 dubie
850 2803 891 2846 ex
919 2782 1030 2864 aliquo
1059 2781 1241 2864 Coptorum
1270 2783 1472 2848 monasterio

196 2966 200 2975 ,
277 2895 345 2959 eive
362 2892 452 2961 Oairi
477 2894 544 2959 sive
567 2895 601 2957 in
617 2892 751 2958 deserto
768 2891 895 2976 Libyae
919 2892 1059 2976 adeptus
1082 2898 1161 2959 erat.
1204 2892 1311 2959 Porro
1328 2892 1472 2978 Captum

276 3006 483 3089 potissimum
515 3011 683 3070 auctorem
713 3003 791 3070 libri
823 3003 940 3071 suadet
970 3004 1058 3090 quod
1090 3005 1196 3070 cultus
1229 3007 1363 3072 nutricii
1394 3006 1472 3073 Iesu

276 3117 522 3203 Monophysitis
558 3116 714 3184 africanis
750 3139 828 3202 prae
865 3119 983 3185 ceteris
1015 3122 1189 3203 tantopere
1221 3119 1347 3202 placuit
1378 3127 1415 3186 ut
1445 3120 1473 3184 is

278 3231 365 3316 apud
388 3230 514 3315 Coptos
541 3230 681 3315 primum
704 3230 854 3297 rideatur
883 3253 978 3297 suum
1006 3229 1092 3297 diem
1119 3231 1241 3297 festum
1268 3232 1473 3316 habuiss02).

278 3343 376 3430 Quod
398 3344 587 3410 institutum
609 3366 629 3409 a
648 3343 763 3428 Ooptis
785 3343 826 3409 ad
849 3341 931 3409 ahos
947 3343 1155 3411 Christianos
1173 3344 1350 3410 orientales
1368 3354 1468 3430 atque

279 3458 384 3523 multo
404 3463 480 3540 post
502 3477 541 3522 ex
562 3457 689 3522 oriente
709 3457 744 3520 in
767 3456 938 3521 ecelesiam
960 3456 1098 3521 latinam
1119 3458 1279 3522 transisse
1302 3456 1474 3539 probabile

279 3569 377 3649 est³).
425 3567 481 3632 Ad
511 3567 545 3632 id
576 3568 664 3632 enim
695 3567 837 3632 historia
866 3566 1015 3649 Iosephi,
1046 3568 1200 3633 homiliae
1231 3569 1342 3650 potius
1375 3591 1474 3651 quam

367 3783 389 3849 1)
409 3784 451 3838 Cf.
465 3789 601 3838 Asseman.
620 3787 737 3850 catalog.
756 3786 882 3836 biblioth.
897 3785 994 3835 Medic.
1016 3784 1141 3836 haerent.
1162 3790 1190 3836 ot
1208 3786 1295 3836 Pelet.
1314 3785 1391 3837 codd.
1410 3803 1472 3837 mos.

282 3874 407 3925 orientel.
426 3871 559 3937 (Floreat.
574 3872 661 3936 1742.)
680 3889 707 3939 p.
720 3873 771 3923 164
788 3888 847 3937 sqq.
884 3872 956 3922 'I'bil
977 3874 1034 3924 cod.
1053 3888 1141 3937 apocr.
1160 3890 1185 3937 p.
1198 3871 1268 3922 xx1.

366 3957 389 4020 2)
409 3957 436 4009 lo
455 3964 565 4010 notetur
583 3960 611 4009 in
631 3958 790 4026 Synaxario,
810 3960 880 4024 quod
898 3975 978 4023 cupro
996 3961 1269 4018 commemoravimus,
1288 3975 1348 4025 pag.
1362 3961 1421 4010 185.
1440 3961 1474 4010 ad

281 4045 352 4095 diem
373 4045 415 4095 26.
433 4044 533 4093 mansis
551 4044 619 4094 Abib
639 4044 668 4108 (i.
685 4060 708 4095 e.
725 4046 768 4095 20.
787 4060 820 4096 m.
838 4042 914 4106 lulii)
938 4044 1026 4094 verbis
1045 4043 1087 4093 hie
1105 4045 1213 4109 aequas
1230 4047 1313 4094 sormi
1329 4048 1397 4096 amia
1414 4048 1476 4095 terti

281 4132 384 4195 Ioeepli
393 4130 472 4196 sobri
489 4131 606 4195 liquor-ii,
624 4131 756 4194 Doiporoe
773 4131 880 4194 oiroim'e
897 4130 1002 4180 Mariae
1019 4132 1112 4193 epona,
1131 4132 1174 4195 qai
1187 4135 1265 4193 potor
1275 4131 1372 4182 Christi
1388 4135 1476 4181 occari

277 4220 430 4281 promeres.

368 4298 391 4364 ³)
410 4299 453 4349 lta
471 4304 614 4351 senserunt
632 4301 712 4350 etiam
731 4300 970 4351 Tillomoutina
989 4304 1017 4350 ot
1034 4301 1228 4351 Bollsndus.
1263 4301 1316 4351 Ille
1337 4305 1407 4353 enim
1422 4302 1475 4351 Me·

281 4388 373 4438 moires
392 4402 461 4449 pour
478 4386 561 4434 smair
577 4386 594 4434 d
612 4384 737 4436 l'lr'stoire
759 4386 846 4436 ceolla
872 4391 936 4438 tom.
952 4385 973 4438 1.
999 4403 1024 4451 p.
1042 4389 1065 4438 1.
1088 4402 1147 4451 pag.
1167 4388 1226 4437 185.
1246 4388 1284 4438 sie
1303 4388 1410 4438 scribit:
1437 4389 1476 4438 Oa

280 4473 389 4539 pretend
407 4488 453 4536 prpe
463 4471 509 4521 lea
522 4471 628 4536 Coptos
645 4476 670 4522 et
688 4472 725 4522 loe
742 4477 829 4522 cubes
843 4473 984 4522 Οήσπίαυ
1002 4490 1031 4523 en
1041 4474 1106 4539 sont
1122 4490 1170 4523 esc
1178 4474 1251 4539 seete
1259 4475 1322 4540 sori
1339 4475 1476 4525 coloncello

284 4560 319 4629 lc¹
330 4561 373 4610 20.
393 4560 425 4609 do
442 4557 550 4616 Jes'llct,
572 4559 664 4623 auquel
681 4559 716 4609 ile
732 4563 837 4609 mutent
852 4576 883 4609 eo
900 4564 965 4610 mort
982 4576 1027 4609 aar
1045 4559 1177 4611 l'autorilt
1191 4561 1265 4610 d’usc
1282 4562 1321 4611 oio
1340 4561 1428 4626 plaiae
1445 4564 1477 4611 dr

283 4644 375 4696 fallea
418 4642 564 4694 Bollaadas
587 4646 654 4695 croit
677 4660 723 4709 qu
746 4644 783 4695 lea
808 4645 909 4695 Comes
931 4650 975 4695 ont
998 4645 1107 4711 opperit
1126 4645 1244 4696 ‹l’Orieat
1270 4651 1335 4697 cette
1353 4648 1425 4712 scete
1447 4663 1478 4697 ea
