3458 5640
290 597 352 661 170
557 596 789 650 EVANGELIUM
808 597 955 649 THOMAE
973 596 1142 648 naamon.
1170 599 1216 649 Vl.

288 748 443 814 dicebat:
474 745 593 812 Talem
610 767 757 831 puerum
774 749 824 813 ita
839 746 1039 830 loquentem
1056 767 1232 831 nunquam
1247 748 1329 815 vidi.
1365 749 1414 816 Et
1429 771 1489 836 ap·

287 851 527 936 propinquans
552 849 596 915 ad
619 849 748 934 Ioseph
774 849 862 915 dixit
887 850 934 914 ei:
966 845 1168 932 Sapientem
1192 871 1340 934 puerum
1365 851 1486 937 habea,

285 953 388 1021 trade
409 974 486 1020 eum
503 951 770 1019 addiscendum
789 953 942 1034 litteras3
960 973 1037 1018 eum
1054 958 1169 1019 autem
1185 953 1308 1021 doetus
1325 955 1486 1023 fueritin

288 1057 405 1124 studio
425 1057 637 1138 litterarum,
660 1076 723 1140 ego
741 1055 871 1122 docebo
892 1076 971 1121 eum
993 1054 1181 1123 honorifice
1201 1064 1328 1124 utnon
1351 1058 1414 1126 fiat
1435 1061 1488 1125 in·

288 1162 431 1246 sipiens.
470 1158 668 1244 Respondit
697 1165 814 1225 autem
838 1156 968 1242 Ioseph
999 1158 1147 1225 abdixit
1176 1158 1336 1227 adeum:
1372 1160 1486 1228 Nemo

287 1269 404 1349 potest
420 1263 543 1329 dooere
562 1283 640 1328 eum
656 1263 725 1327 nisi
743 1261 838 1328 solus
856 1261 953 1328 deus.
990 1261 1170 1346 Numquid
1186 1262 1341 1347 creditis,
1358 1285 1485 1349 parvus

288 1368 356 1433 erit
376 1365 540 1450 parvulus
562 1362 653 1431 iste?
698 1363 827 1430 ’Iesus
850 1370 966 1430 autem
989 1385 1066 1429 eum
1088 1365 1246 1432 audisset
1265 1366 1352 1434 talia
1368 1368 1487 1434 dieen-

287 1475 357 1534 tenr
373 1468 503 1551 Ioseph
511 1516 519 1549 ,
543 1467 632 1532 dixit
652 1466 696 1531 ad
712 1466 903 1532 Zoehoum:
934 1466 1026 1536 Vere
1048 1468 1229 1550 magister,
1253 1468 1336 1550 quia
1352 1477 1484 1552 quanta

287 1569 330 1635 de
347 1589 405 1635 ore
422 1588 499 1634 meo
515 1566 712 1652 procedunt
729 1587 810 1632 vera
825 1574 917 1633 sunt.
946 1565 1090 1633 litante
1108 1588 1226 1633 omnes
1242 1568 1293 1634 sui
1310 1569 1482 1654 dominus,

285 1693 344 1739 vos
367 1679 483 1738 autem
505 1670 726 1754 alienigenae
749 1671 845 1736 estis.
893 1668 1066 1753 Quoniam
1087 1671 1172 1735 mihi
1196 1669 1278 1737 data
1299 1678 1354 1738 ost
1373 1672 1485 1757 gloria

286 1775 499 1856 seculorum,
520 1772 616 1839 vobis
634 1772 752 1839 datum
775 1778 829 1839 est
849 1772 955 1854 nihil;
977 1774 1060 1858 quia
1080 1779 1161 1840 ante
1179 1775 1298 1840 seenla
1317 1795 1380 1861 ego
1397 1797 1484 1843 sum.

285 1877 362 1963 Ego
383 1883 500 1944 autem
516 1878 587 1944 seio
604 1884 690 1962 quot
710 1877 793 1944 anni
811 1883 915 1944 erunt
929 1877 1018 1943 vitae
1036 1884 1133 1961 tuae,
1157 1884 1193 1944 et
1209 1879 1371 1962 quoniam
1387 1880 1486 1947 tolle-

286 1982 335 2049 ris
352 1983 388 2047 in
406 1981 563 2047 exilium:
581 1980 673 2066 quod
691 1980 780 2046 dixit
794 1985 895 2065 pater
909 2001 1007 2046 meus
1024 1987 1064 2046 ut
1079 1981 1258 2065 intelligas
1271 1984 1354 2067 quia
1370 1985 1486 2051 omnia

284 2104 376 2168 qnae
399 2085 595 2168 procedunt
618 2085 660 2151 de
683 2106 742 2152 ore
765 2105 840 2151 meo
861 2105 943 2151 vera
963 2091 1055 2151 sunt.
1106 2087 1118 2121 ¹
1138 2085 1264 2152 Iudaei
1286 2094 1401 2153 autem
1424 2089 1485 2172 qui

286 2188 452 2255 astabant
466 2195 502 2254 et
517 2188 709 2255 audiebant
725 2208 899 2255 sermones
911 2207 996 2272 quos
1013 2188 1224 2271 loquebatur
1238 2188 1351 2272 Iesus,
1369 2191 1485 2256 mirati

276 2293 369 2357 'sunt
394 2297 429 2357 et
450 2289 616 2356 dicebant
637 2291 720 2374 quia
744 2291 830 2356 talia
850 2290 1026 2356 mirabilia
1045 2291 1193 2358 vidimus
1222 2298 1257 2359 et
1286 2293 1482 2359 audirimus

286 2394 375 2461 tales
393 2415 569 2461 sermones
589 2393 632 2460 ab
649 2395 716 2461 isto
733 2415 852 2479 puero,
876 2394 995 2479 qualia
1011 2416 1187 2480 nunquam
1206 2396 1402 2464 audirimus
1419 2417 1484 2463 nee

285 2499 441 2566 audituri
463 2521 581 2564 snmus
603 2498 646 2564 ab
667 2499 736 2565 alio
757 2498 876 2583 aliquo
898 2498 1052 2582 homine,
1078 2519 1191 2584 neque
1217 2520 1237 2566 a
1256 2499 1483 2586 pontificibus

285 2623 399 2688 neque
421 2625 441 2670 a
457 2604 633 2689 magistris
651 2623 764 2688 nequo
787 2602 1034 2670 aPharisaeis.
1080 2602 1308 2689 ‘Respondit
1321 2603 1424 2672 Iesus
1447 2613 1483 2671 et

285 2707 374 2773 dixit
396 2709 460 2774 eis:
491 2708 541 2774 Ut
558 2706 641 2792 quid
658 2705 855 2773 miramini?
885 2707 1116 2774 Incredibilia
1137 2708 1273 2775 habetis
1291 2711 1374 2794 quia
1389 2709 1484 2775 loeu-

284 2818 342 2876 tus
364 2833 439 2877 sum
460 2807 665 2876 veritatem?
696 2807 776 2877 Soio
801 2810 940 2894 quando
963 2813 1037 2877 irati
1059 2811 1143 2878 estis
1166 2817 1202 2876 et
1220 2816 1338 2895 patres
1358 2812 1479 2878 vestri:

286 2921 321 2980 et
337 2915 366 2979 si
383 2914 462 2997 plus
480 2913 598 2979 dixero
614 2913 723 2995 vobis,
741 2912 880 2997 quando
897 2912 1046 2978 mundus
1063 2912 1177 2979 factus
1193 2919 1246 2979 est
1263 2934 1326 2998 ego
1344 2915 1427 2998 seio,
1448 2922 1484 2980 et

285 3019 347 3102 qui
368 3038 421 3084 me
438 3018 534 3083 misit
553 3017 596 3084 ad
612 3038 682 3085 ves.
716 3015 802 3083 Cum
822 3017 1005 3083 audissent
1019 3016 1145 3083 Iudaei
1168 3037 1361 3084 sermonem
1379 3038 1482 3101 quem

284 3121 422 3187 dixerat
437 3121 564 3202 infans,
585 3121 701 3186 mirati
719 3127 800 3185 sunt
815 3127 960 3204 propter
975 3120 1039 3185 hoe
1057 3119 1148 3203 quod
1167 3142 1235 3186 non
1252 3125 1416 3203 poterant
1432 3142 1484 3187 re-

354 3369 398 3418 Ita
409 3382 443 3418 n:
461 3368 546 3433 Ipitur
558 3368 660 3431 quidam
671 3368 793 3432 enapister
805 3367 917 3415 ΖαοΙιειιε
928 3367 1026 3415 eremias
1041 3382 1109 3415 aueo.
1123 3367 1207 3416 emaio
1219 3367 1295 3416 verba
1307 3383 1371 3431 quoe
1384 3393 1393 3404 ·
1405 3369 1483 3416 aare·

285 3460 327 3503 tuo
337 3453 437 3503 dicebat
455 3454 489 3502 ad
501 3454 657 3516 semetipsam
670 3478 678 3489 ·
690 3469 817 3516 uunquam
829 3452 924 3500 auclivi.
949 3452 988 3500 Et
1005 3453 1225 3515 appropinquavit
1240 3453 1276 3501 ad
1288 3452 1340 3502 Ios.
1357 3457 1382 3502 et
1394 3454 1461 3503 dixit
1474 3479 1483 3490 ·

285 3537 329 3586 aed
342 3537 417 3585 trade
429 3554 482 3587 eam
495 3538 529 3586 od
538 3537 672 3586 disoeadas
684 3537 788 3586 litterae
801 3538 902 3600 ·sum't
911 3537 996 3586 eladio
1010 3563 1018 3573 ·
1031 3537 1174 3599 &spondit
1186 3536 1237 3586 Ios.
1249 3541 1274 3586 et
1286 3538 1338 3586 dit.
1352 3538 1376 3586 ei
1387 3563 1396 3574 ·
1409 3539 1483 3586 istum

281 3622 492 3686 pemmonem
507 3623 557 3672 aiei
575 3622 644 3672 eolus
662 3623 731 3671 deae.
756 3621 883 3685 Numquid
897 3636 992 3683 panon
1004 3623 1134 3671 meietae
1151 3622 1201 3671 erit
1209 3621 1336 3684 parvulus
1351 3623 1400 3671 iste
1411 3622 1483 3672 aolu-

275 3709 387 3774 sraterl
399 3706 450 3769 (sio
463 3708 578 3772 singula,
591 3706 737 3771 eor-rupte).

354 3796 378 3844 2.
397 3807 430 3843 n:
451 3794 523 3844 Iesus
534 3798 616 3844 extem
635 3819 643 3830 ·
663 3798 758 3859 quanio
777 3793 887 3843 audistis
897 3793 928 3842 de
940 3809 984 3842 ore
995 3809 1047 3842 oreo
1059 3808 1120 3843 vera
1132 3797 1190 3842 suat
1208 3818 1217 3830 ·
1236 3808 1281 3857 epo
1293 3808 1345 3842 eum
1357 3792 1480 3850 doraum,

284 3897 329 3931 eoa
339 3897 397 3932 aere
409 3881 489 3931 olisai
500 3881 569 3940 ostie,
582 3881 642 3946 quia
651 3880 739 3946 glorio
751 3897 835 3942 eorum
847 3880 897 3941 (ale
911 3880 991 3930 etiam
1006 3894 1031 3937 Δ,
1051 3879 1096 3931 sed
1110 3881 1270 3929 correximus
1283 3878 1431 3938 seculorum,
1445 3881 1480 3930 cf.

284 3984 379 4034 evang.
393 3969 484 4018 Thoar.
499 3966 599 4018 Graece
611 3969 634 4016 ll
647 3967 692 4026 Vl,
705 3966 742 4029 2.)
753 3968 818 4016 dato
829 3971 867 4017 eet
878 3967 946 4033 midi,
959 3967 1029 4017 eolis
1039 3971 1122 4016 autem
1133 3967 1221 4017 dotum
1231 3971 1270 4016 est
1281 3962 1372 4030 [aasz]
1386 3991 1394 4002 ·
1407 3973 1483 4015 eruut

284 4056 353 4104 miae
370 4070 421 4103 mee
440 4053 502 4117 (sie)
520 4059 545 4104 et
558 4054 657 4118 quondo
675 4037 721 4118 (qa
732 4053 782 4115 aie)
801 4053 892 4103 tuleris
908 4053 1028 4113 uexillum
1044 4052 1095 4115 (sie
1108 4051 1226 4118 singula)
1244 4053 1310 4117 qaod
1321 4052 1389 4101 dixit
1400 4057 1482 4114 pater

284 4156 359 4191 arene.
384 4140 522 4204 Intellipae
533 4140 594 4204 quio
606 4165 615 4176 ·
627 4144 692 4189 aaut.

353 4230 378 4276 3.
397 4225 450 4274 elio
463 4226 565 4289 aliquo.-
577 4225 605 4274 in
619 4224 710 4274 codiee
724 4230 766 4273 est
778 4224 832 4272 olio
845 4223 932 4287 aliquo
944 4223 1005 4271 olio.

353 4327 371 4363 1>
384 4311 442 4360 Iud.
455 4315 538 4360 eutem
550 4311 593 4374 qui
604 4310 707 4359 stabant
718 4314 743 4359 et
755 4310 814 4358 aad.
827 4310 897 4370 ipsos
909 4324 1034 4357 eerrnooee
1051 4332 1058 4342 ·
1077 4309 1135 4356 mir.
1147 4313 1206 4357 eunt
1217 4307 1329 4358 diuma
1340 4308 1401 4372 puio
1413 4307 1481 4357 tolia

283 4397 414 4446 mirabilia
430 4402 454 4446 et
467 4412 591 4447 ammones
607 4397 749 4445 audivimas
766 4397 797 4444 ab
814 4398 869 4458 ipso
878 4412 959 4459 puero
972 4396 1079 4458 quiaque
1096 4411 1231 4455 annorum,
1248 4394 1338 4460 quales
1353 4410 1481 4459 nunquam

284 4485 369 4534 audie.
387 4483 428 4533 vel
445 4484 527 4532 aedit.
547 4499 630 4532 oannes
648 4484 679 4532 ab
697 4483 783 4547 aliquo
800 4483 897 4532 lemine
914 4498 992 4545 aeque
1010 4497 1027 4529 a
1036 4482 1159 4547 pontifice
1175 4498 1254 4547 aeque
1272 4498 1289 4530 a
1301 4481 1365 4546 aqu
1376 4482 1482 4531 doctore

283 4587 362 4635 aeque
375 4588 392 4618 a
404 4569 584 4634 scribamque
597 4586 613 4618 a
624 4570 704 4618 Pher.
718 4568 806 4632 quoles
818 4569 865 4617 iste
877 4568 965 4631 iosuae
978 4567 1098 4631 loquitar,

352 4660 377 4707 4.
396 4670 428 4706 n:
448 4656 576 4719 Respoxd.
589 4660 671 4706 eutem
684 4655 734 4706 Ios.
747 4659 772 4704 ot
784 4655 836 4704 dia.
850 4654 884 4703 od
896 4669 952 4704 eoo.-
975 4653 1009 4704 Ua
1021 4670 1061 4719 qa.
1075 4655 1131 4703 mir.
1145 4654 1237 4704 Boiam
1248 4654 1345 4706 iserae.
1358 4678 1367 4691 ·
1380 4654 1482 4719 quondo

283 4763 328 4797 eos
338 4746 395 4795 aaut
412 4745 473 4796 estio
488 4747 514 4794 et
524 4747 619 4806 potres
629 4743 707 4793 uestri
719 4739 815 4805 (codex
828 4755 845 4790 a
858 4742 926 4791 male
938 4739 1047 4801 uestros)
1067 4766 1076 4777 ·
1094 4741 1133 4791 Ei
1145 4757 1198 4790 oum
1215 4740 1345 4791 aedium
1357 4740 1415 4791 Iud.
1428 4757 1481 4791 aer·
