3458 5640
485 576 688 629 anscausus
708 578 849 630 cunrsrr
868 580 912 630 an
932 578 1093 630 manuos.
1121 579 1230 630 1-111.
1397 579 1459 644 ms
1495 648 1498 653 ,

263 726 444 794 aeternales
471 724 652 794 sustollite:
681 748 738 792 rex
767 725 892 812 gloriae
916 725 1068 794 Olrristus
1095 727 1248 795 dominns
1276 729 1459 798 intraturus

264 832 422 900 adveniet.

348 938 470 1005 2Τιιηο
497 939 638 1006 Satanas
667 940 733 1006 dux
761 938 878 1006 mortis
901 939 1047 1024 advenit,
1079 939 1208 1025 lugiens
1231 941 1381 1024 territus,
1413 942 1460 1010 di·

263 1066 339 1110 cens
366 1043 529 1111 ministris
557 1045 626 1110 suis
654 1049 687 1111 et
713 1044 860 1128 inieris:¹
878 1044 1026 1110 Ministri
1056 1045 1120 1112 mei
1149 1051 1183 1111 et
1210 1068 1324 1112 omnes
1351 1047 1460 1133 inferi,

263 1147 464 1230 concurrite,
496 1153 609 1231 portas
632 1154 759 1215 vestras
791 1148 947 1231 claudite,
978 1154 1087 1215 vectes
1118 1148 1244 1215 ferreos
1273 1151 1459 1235 supponite,

262 1259 295 1317 ot
317 1258 461 1336 pugnato
486 1253 617 1318 sortiter
640 1260 673 1317 et
694 1252 854 1335 resistite,
887 1275 927 1317 ne
952 1259 1100 1319 tenentes
1123 1255 1325 1337 captivemur
1348 1278 1368 1320 a
1389 1257 1458 1321 vin-

263 1354 354 1420 culis.
405 1355 500 1420 Tunc
536 1356 640 1440 impia
676 1356 787 1420 officia
823 1357 894 1420 eius
932 1356 1044 1421 omnia
1080 1359 1277 1423 conturbata
1313 1364 1391 1423 sunt
1426 1365 1460 1426 et

262 1464 443 1543 coeperunt
465 1466 577 1543 portas
600 1460 717 1526 mortis
746 1482 819 1524 curn
848 1459 939 1525 omni
962 1459 1133 1544 diligentia
1160 1462 1324 1546 claudere,
1355 1483 1459 1530 seras·

262 1587 326 1649 qne
349 1569 383 1630 et
403 1570 514 1630 vectes
540 1565 666 1631 ferreos
693 1565 852 1648 paulatim
881 1565 1031 1648 iungere,
1064 1565 1238 1650 omniaque
1267 1573 1459 1634 ornamenta

263 1689 323 1732 sua
345 1665 470 1731 strictis
493 1667 645 1733 manibus
668 1672 779 1733 tenere
803 1672 837 1733 et
858 1667 1063 1751 proclamare
1085 1665 1230 1733 ululatus
1253 1668 1344 1736 dirae
1358 1670 1458 1744 ‚vocis

263 1795 301 1837 ac
324 1771 520 1837 teterrimae.

677 1994 794 2063 Carus
818 1995 886 2061 III.
918 1995 1044 2081 (XIX.)

350 2151 488 2220 ¹Tunc'
504 2150 605 2219 Satan
637 2150 721 2216 dixit
751 2149 792 2216 ad
824 2149 1007 2217 infernum:
1042 2151 1212 2237 Praeparat
1242 2156 1274 2218 te
1305 2152 1346 2218 ad
1377 2151 1458 2219 reei-

263 2255 417 2343 piendum
451 2279 547 2343 quom
580 2255 640 2322 tibi
673 2253 850 2323 deduxero.
900 2254 1032 2322 Dehinc
1063 2255 1211 2323 infernus
1240 2254 1382 2324 Satanae
1413 2254 1461 2323 ita

263 2361 451 2447 perintrdit:
482 2361 558 2429 Vox
587 2361 652 2426 ista
677 2383 743 2426 non
772 2360 836 2426 luit
863 2359 925 2426 nisi
950 2384 971 2428 a
993 2359 1137 2427 clamore
1159 2358 1218 2427 filii
1241 2362 1346 2446 patris
1368 2360 1459 2427 altis·

263 2465 351 2544 simi,
375 2464 454 2548 quia
476 2464 523 2529 ita
544 2470 634 2529 terra
657 2471 691 2530 ct
714 2464 826 2530 omnia
848 2463 945 2553 inseri
968 2464 1043 2530 loca
1065 2464 1126 2530 sub
1149 2464 1223 2549 ipsa
1246 2463 1461 2532 contremuit:

262 2570 347 2634 undo
379 2575 458 2652 puto
492 2592 544 2635 me
575 2575 608 2635 et
640 2569 751 2635 omnia
777 2568 908 2635 vincula
938 2592 1012 2635 mea
1039 2570 1104 2636 iam
1136 2576 1252 2654 aperta
1281 2575 1459 2655 patescere.

262 2673 329 2739 Sed
359 2674 474 2738 adiuro
508 2679 556 2754 te,
594 2673 736 2756 Satura,
773 2680 872 2757 caput
902 2675 1063 2740 malorum
1098 2674 1261 2757 omnium,
1296 2696 1355 2757 per
1385 2679 1459 2738 tuos

262 2797 416 2859 measque
442 2775 595 2858 virtuter,
626 2797 667 2840 ne
699 2775 861 2859 perducas
894 2798 966 2841 eum
996 2775 1037 2842 ad
1063 2798 1128 2860 me,
1160 2798 1201 2842 ne
1224 2776 1300 2841 dum
1323 2775 1460 2842 velimus

263 2901 335 2944 oum
361 2901 477 2962 capere
501 2878 705 2962 captivemur
728 2878 769 2944 ab
794 2901 843 2944 oo.
879 2877 967 2945 Nam
991 2878 1018 2944 si
1042 2878 1083 2944 ad
1100 2901 1214 2967 vocem
1238 2879 1309 2944 eius
1331 2882 1459 2970 tantum

263 2985 369 3048 <vannis
392 2984 496 3049 virtus
520 3007 593 3050 mea
615 2984 663 3050 ita
685 2983 853 3050 destructa
875 2988 938 3070 est,
966 2983 1047 3070 quid
1074 2989 1170 3069 putas
1198 3006 1272 3051 eum
1295 2985 1459 3051 facturum

262 3088 337 3154 dam
361 3089 549 3172 praesentia
571 3089 641 3154 oius
665 3088 855 3155 advenerit?

347 3200 435 3267 ²Cui
468 3203 569 3270 Satan
604 3201 669 3266 (lux
701 3202 818 3267 mortis
849 3201 897 3267 ita
929 3200 1118 3286 respondit:
1157 3201 1245 3287 Quid
1283 3201 1458 3268 clamitas?

346 3483 372 3529 2.
410 3479 450 3530 Cl.
471 3481 491 3528 Λ
513 3481 543 3537 V,
560 3482 584 3529 1.
617 3480 685 3529 Turro
703 3480 731 3542 (11
749 3481 787 3529 Et
805 3478 875 3542 taur)
895 3481 1009 3530 Satanas
1028 3479 1054 3544 (c
1073 3478 1168 3543 Salas)
1188 3514 1217 3529 ..
1238 3494 1252 3532 c
1271 3479 1324 3530 add
1343 3497 1396 3530 narn
1414 3498 1457 3530 aa·

259 3569 338 3617 disset
360 3570 365 3627 Ι
390 3582 464 3620 com
480 3569 589 3632 sopiens
613 3567 617 3629 Ι
642 3568 767 3617 mirrielrir
790 3567 819 3630 (B
837 3566 945 3631 sterio)
971 3568 1025 3618 rara
1042 3571 1067 3619 et
1084 3568 1177 3634 inseris
1200 3568 1246 3631 (nc
1264 3584 1305 3617 om
1329 3572 1354 3617 et
1371 3565 1457 3635 ι’κ]”.)Ι

260 3655 327 3705 Min.
342 3654 389 3703 mei
407 3658 431 3703 el
449 3670 512 3704 orara.
532 3655 580 3720 inf.
602 3653 631 3716 (Β
650 3671 691 3703 orn
710 3657 735 3703 et
752 3669 775 3703 o.
788 3653 850 3720 ias.)
871 3689 899 3703 ..
920 3668 935 3705 c
956 3655 977 3703 0
995 3653 1073 3719 inferi
1088 3654 1093 3712 Ι
1109 3668 1124 3706 c
1142 3653 1266 3704 recludite
1281 3653 1286 3716 Ι
1301 3671 1332 3704 ne
1349 3658 1460 3707 unientes

260 3741 287 3804 (c
304 3732 410 3802 deicoli)
430 3740 586 3805 captivemur
605 3739 632 3803 (Α
652 3739 804 3803 redonemur)
823 3757 841 3788 a
862 3737 889 3801 (c
907 3740 945 3802 in)
963 3742 1030 3789 vinc.
1053 3737 1058 3801 Ι
1081 3752 1097 3790 Β
1116 3755 1157 3788 orn
1181 3740 1235 3788 einr
1252 3741 1338 3790 orinia
1357 3738 1362 3803 Ι
1383 3756 1457 3791 oran·

258 3832 342 3878 creato
360 3844 418 3877 carn
437 3843 452 3880 Λ
473 3863 503 3878 ..
524 3842 539 3880 c
558 3832 716 3878 urrisu-meato
735 3864 741 3877 .
759 3864 765 3878 .
786 3841 802 3879 Β
821 3844 862 3878 om
883 3829 888 3888 Ι
909 3832 993 3879 terrere
1013 3863 1042 3877 ..
1062 3842 1096 3880 nc
1115 3828 1249 3893 perlcprro
1269 3829 1273 3893 Ι
1294 3829 1458 3893 proclamare

260 3951 289 3964 ..
309 3929 326 3966 Λ
340 3932 458 3978 promere
474 3917 478 3974 Ι
494 3930 509 3967 c
527 3915 653 3964 ululatum

267 4049 268 4053 ,
345 4011 394 4068 lll,
415 4012 438 4059 1.
477 4010 517 4061 Cl'.
536 4011 558 4058 A
578 4011 623 4068 lv,
644 4014 668 4060 3.
704 4011 787 4059 Salon
806 4026 864 4059 cnm
883 4022 917 4062 Bc
937 4044 965 4059 ..
986 4024 1003 4061 a
1022 4010 1137 4059 Salonas
1153 4010 1206 4059 dna
1224 4008 1332 4072 mortis!
1351 4011 1398 4061 ribi
1415 4013 1456 4062 ds·

258 4097 319 4143 dac.
339 4109 398 4143 cnm
417 4106 451 4146 sc
471 4130 500 4143 ..
521 4109 536 4146 s
555 4095 644 4144 dicero
664 4095 711 4143 tibi
735 4096 740 4154 Ι
760 4095 900 4172 perintrrlp't
922 4110 981 4144 cum
1001 4108 1028 4153 c,
1053 4095 1197 4160 spertvlit
1216 4130 1245 4145 ..
1266 4109 1283 4146 Β
1299 4097 1432 4161 respondit
1450 4100 1455 4170 Ι

258 4181 342 4231 omnia
360 4181 439 4245 inseri
458 4179 516 4230 loca
539 4181 568 4244 (c
586 4197 627 4230 cm
648 4182 716 4243 loca)
741 4217 747 4230 .
769 4216 776 4230 .
801 4196 817 4233 Λ
840 4183 920 4231 cornis
937 4182 981 4230 oia
999 4182 1115 4246 infernas
1138 4180 1143 4245 Ι
1167 4184 1301 4234 cAdiaro
1324 4184 1406 4247 ἱρέων
1423 4189 1456 4247 te,

250 4271 343 4332 srntor
362 4268 445 4316 Satan
465 4263 471 4331 Ι
492 4284 548 4331 cap.
566 4269 627 4316 aral.
649 4284 714 4317 omn.
740 4285 798 4317 oum
818 4281 851 4319 oc
871 4301 900 4316 ..
921 4284 936 4320 Α
956 4269 998 4332 pai
1016 4285 1043 4317 cs
1060 4270 1168 4318 cranium
1184 4269 1276 4319 vitator.
1296 4268 1455 4337 irricmptor}

260 4353 365 4401 natales
384 4367 440 4401 curn
461 4364 494 4403 Bc
514 4386 543 4401 ..
563 4367 677 4416 Aponon
691 4356 695 4412 Ι
711 4369 742 4400 ne
760 4351 789 4412 (Β
808 4356 841 4410 et,
860 4366 875 4403 c
894 4353 965 4417 qaia)
985 4354 1043 4401 droa
1061 4353 1164 4402 velimus
1183 4354 1212 4414 (a
1230 4354 1350 4412 volumtas,
1371 4369 1387 4407 n
1406 4355 1455 4404 nel·

259 4436 347 4501 umas)
366 4464 375 4474 ·
394 4438 425 4486 all
443 4455 472 4487 eo
497 4436 525 4501 (c
543 4438 610 4502 ipso)
635 4441 639 4494 Ι
664 4438 731 4486 Nom
748 4438 772 4486 si
788 4463 799 4473 ·
817 4438 857 4486 ilc
875 4439 902 4502 (c
920 4439 974 4500 orn)
993 4438 1072 4488 doctr.
1092 4443 1130 4488 erl
1154 4455 1212 4488 cunr
1231 4452 1265 4491 nc
1289 4472 1319 4487 ..
1344 4439 1411 4488 Nom
1433 4441 1456 4490 si

259 4526 339 4574 omnis
356 4542 411 4574 rasa
428 4525 489 4575 virt.
509 4526 561 4574 iarn
579 4526 700 4590 defundet
717 4529 755 4575 ost
775 4525 780 4588 Ι
800 4541 854 4574 eam
872 4526 923 4589 (its
941 4539 972 4585 a;
996 4524 1080 4588 aare)
1096 4529 1232 4590 facturam
1252 4560 1280 4574 ..
1301 4529 1457 4592 csactrrrar

259 4616 296 4661 ert
310 4613 315 4673 Ι
330 4613 388 4661 dam
407 4647 437 4660 ..
457 4624 474 4662 n
493 4628 547 4660 ema
562 4610 567 4673 Ι
582 4612 732 4675 praesentio
751 4645 781 4661 ..
801 4612 949 4676 opolentia

343 4702 368 4748 2.
406 4697 448 4748 cf.
469 4700 489 4747 Α
513 4699 602 4758 1v‚2.
633 4700 716 4749 Satan
733 4725 743 4735 -
761 4699 893 4764 respondit
916 4713 974 4748 cum
992 4713 1027 4751 ac
1046 4734 1076 4749 ..
1096 4710 1113 4749 n
1133 4698 1216 4749 Satan
1237 4698 1305 4749 aaa
1328 4697 1333 4760 Ι
1360 4697 1428 4761 Quid
1444 4723 1455 4736 ·
