3458 5640
269 577 332 642 388
705 577 814 629 ossus
832 579 960 630 sunan.
984 579 1072 639 uvi.⁸

268 729 542 796 resurrectionem
570 728 748 796 multorum
774 731 809 795 in
832 729 952 812 Israel,
983 736 1017 795 et
1043 730 1077 794 in
1106 731 1234 815 signum
1263 731 1315 797 cui
1339 740 1470 800 contra·

270 833 406 899 dicetur.
1293 894 1295 899 .

355 936 448 1001 Tunc
475 934 660 1000 didascalus
682 933 789 1000 Didas
819 934 903 1000 dixit
934 935 974 1000 ad
1007 956 1135 1000 omnem
1166 937 1469 1021 congregationem:

229 1104 236 1112 ,
269 1035 306 1104 Si
329 1037 438 1102 omnia
461 1056 545 1119 quae
574 1035 629 1100 isti
658 1034 829 1101 testificati
857 1042 934 1101 sunt
962 1037 995 1100 in
1019 1033 1097 1100 Iesu
1126 1035 1331 1118 factasunt,
1358 1059 1378 1105 a
1406 1037 1468 1104 deo

269 1145 358 1220 sunt,
391 1145 424 1203 et
452 1159 493 1203 ne
520 1137 579 1202 fiat
606 1137 755 1202 mirabile
782 1138 816 1201 in
846 1137 949 1203 oculis
977 1138 1111 1203 nostris.
1155 1138 1321 1204 Dixerunt
1348 1139 1390 1204 ad
1418 1141 1467 1203 in·

267 1243 370 1307 vicem
402 1241 567 1323 principes
599 1261 783 1323 synagogae
813 1249 846 1305 et
874 1241 1059 1306 sacerdotes
1088 1248 1122 1306 et
1148 1240 1286 1307 Levitae
1312 1243 1467 1325 quoniam

266 1344 318 1409 lex
341 1351 453 1408 nostru
476 1342 624 1407 continet
646 1342 772 1407 dicens:
796 1343 873 1407 Erit
895 1364 1013 1407 nomen
1036 1345 1107 1407 cius
1131 1343 1337 1408 benedictum
1360 1345 1393 1407 in
1417 1364 1466 1408 se·

267 1442 356 1509 cula:
388 1449 465 1508 ante
498 1443 598 1508 solem
630 1448 801 1525 permanet
831 1441 923 1508 locus
954 1443 1024 1508 cius
1057 1448 1091 1507 et
1122 1450 1199 1508 ante
1229 1443 1340 1508 lunam
1372 1442 1467 1508 sedes

266 1548 353 1614 eius:
387 1554 421 1612 et
452 1546 688 1612 benedicentur
718 1545 753 1611 in
785 1567 822 1612 eo
854 1565 967 1612 omnes
1000 1545 1106 1612 tribus
1138 1554 1261 1628 terrae,
1293 1553 1327 1612 et
1354 1568 1466 1612 omnes

266 1659 380 1736 gentes
413 1650 557 1716 servient
588 1649 635 1714 ei:
667 1655 701 1714 et
731 1669 826 1734 reges
855 1649 894 1715 de
925 1647 1106 1734 longinquo
1128 1650 1261 1716 venient
1292 1648 1466 1716 adorantes

266 1757 300 1818 et
321 1749 572 1836 magnificantes
596 1772 678 1817 eum.

164 2030 167 2046 ,
265 1981 385 2050 crucifi),
408 1983 436 2032 ie
455 1982 523 2046 liguo
542 1977 614 2042 (edpr
632 1979 687 2042 oin)
705 1984 819 2031 mortuui
835 1986 861 2030 et
878 1982 992 2043 sepultae
1008 1986 1060 2041 eet,
1078 1985 1103 2032 et
1121 1997 1214 2046 caepae
1231 1983 1285 2031 eiue
1298 1987 1379 2046 pater
1396 1998 1465 2031 oeae·

266 2068 358 2119 rabilia
374 2069 465 2132 Ioseph
485 2067 601 2131 sepelivit
622 2064 666 2129 (0⁰
678 2082 729 2132 sep.
744 2071 782 2118 eet
803 2084 819 2117 u
838 2069 943 2130 loseplo
960 2067 1101 2118 meabili
1115 2068 1205 2132 patre)
1223 2069 1251 2117 in
1268 2069 1386 2133 &pulcro
1403 2085 1465 2118 uoco

265 2155 339 2219 (edi>r
357 2170 399 2205 om
417 2160 467 2214 eet,
491 2159 516 2216 et
533 2169 617 2218 nsque
634 2155 724 2216 coeo),
748 2159 774 2204 et
792 2156 943 2220 uetijtwtue
959 2159 997 2205 eet
1016 2154 1059 2217 (1)c
1077 2154 1130 2205 edd
1148 2155 1241 2206 nobilio
1259 2158 1360 2219 Ioeeptc.
1399 2154 1466 2204 lidpr

265 2242 290 2290 et
307 2239 424 2290 veneral.
438 2242 491 2290 loe.
510 2236 630 2302 amiur)
648 2253 702 2287 mm
719 2237 812 2288 vidum
829 2239 910 2288 ninum
928 2236 972 2301 (ι)ο
985 2237 1039 2290 odd
1052 2242 1114 2303 poet
1131 2237 1254 2303 mortem).
1289 2240 1328 2289 Et
1346 2245 1398 2290 tres
1417 2239 1467 2289 oiri

264 2326 307 2376 illi
324 2327 457 2394 testificati
474 2327 533 2376 nent
550 2325 643 2375 vidisse
660 2341 714 2374 eum
733 2324 913 2390 colloquentem
926 2313 970 2389 (1)b
983 2325 1037 2390 om)
1050 2341 1104 2375 cum
1122 2326 1256 2391 discipulis
1273 2329 1328 2376 siue
1344 2327 1373 2375 in
1384 2330 1466 2377 moute

264 2413 352 2466 oliveti
370 2417 395 2464 et
413 2401 459 2476 (1)b
471 2411 525 2477 om)
544 2411 717 2462 accendentem
733 2411 761 2461 io
779 2410 874 2462 eoelum
892 2409 966 2475 (edpr
984 2412 1103 2463 breviter
1121 2412 1159 2463 Et
1177 2416 1212 2463 tr.
1232 2412 1283 2462 oiri
1301 2414 1390 2464 testati
1406 2417 1466 2464 eunt

263 2517 289 2551 ee
306 2499 359 2550 oid.
372 2514 426 2549 eum
444 2494 639 2560 oecmdmtem).
657 2494 662 2560 Ι
677 2496 715 2547 Et
733 2496 796 2546 Levi
812 2496 887 2547 rolli
904 2523 914 2534 -
933 2497 1047 2548 Simone
1065 2499 1175 2549 seniore:
1193 2500 1233 2549 ite
1250 2509 1281 2559 ις
1301 2498 1394 2563 paucis
1413 2497 1465 2548 dif-

264 2586 356 2636 t'ernnt
373 2597 415 2637 nc.
452 2583 559 2647 Reliqui
579 2597 641 2633 vcro
660 2588 724 2648 post
746 2583 918 2633 uendentem
934 2585 961 2634 iu
980 2582 1075 2634 eoelum
1098 2581 1167 2634 nihil
1186 2582 1300 2635 addunt.
1321 2581 1327 2647 1
1347 2583 1465 2649 qemun

262 2699 272 2710 ·
292 2673 482 2725 contradicetur
500 2688 558 2722 enm
578 2684 608 2732 ος
633 2682 668 2722 nn
686 2685 728 2719 om

352 2758 420 2807 iuno
443 2755 471 2818 (c
494 2755 546 2805 edd
570 2753 683 2820 quidam)
707 2755 760 2803 did.
780 2755 866 2803 Didae
888 2753 934 2815 (ec
958 2769 1054 2804 nomen
1079 2752 1134 2816 om)
1160 2783 1172 2792 ·
1196 2753 1413 2818 scismaticum
1436 2750 1465 2813 (ο

262 2841 450 2891 multitudinem
467 2836 600 2900 Iudaeae.)
624 2837 654 2887 Si
676 2838 759 2888 onnia
778 2853 842 2901 quae
860 2863 869 2872 ·
888 2838 914 2886 ia
933 2840 992 2887 Iesu
1015 2837 1044 2900 (n
1062 2838 1090 2886 is
1108 2836 1261 2896 Ierusalem
1283 2847 1359 2887 nom
1378 2836 1405 2885 iu
1423 2835 1463 2884 Ie.

254 2926 301 2990 sa.
320 2925 391 2990 eunt)
403 2928 484 2991 sacta
502 2929 568 2984 eunt,
587 2941 603 2973 a
620 2925 666 2974 deo
684 2929 751 2983 eunt,
770 2927 794 2973 et
812 2941 843 2974 ne
861 2923 938 2987 (hoec
958 2926 997 2974 ite
1016 2937 1045 2985 ος
1064 2936 1099 2975 sn
1117 2925 1205 2974 minus
1223 2921 1310 2986 recte)
1321 2923 1376 2990 flat
1392 2948 1403 2958 ·
1421 2937 1464 2972 uo·

262 3011 332 3061 eteie.
368 3011 460 3060 Dixee.
481 3010 515 3060 ad
538 3010 643 3059 invicem
667 3008 695 3070 (n
714 3008 766 3070 cm)
785 3035 794 3045 ·
813 3010 929 3073 quoniam
948 3009 978 3071 (n
997 3007 1050 3069 cm)
1073 3034 1084 3044 ·
1107 3009 1218 3058 continet
1235 3008 1321 3057 dissue
1343 3003 1371 3068 (n
1389 3004 1465 3069 dicit)

262 3099 327 3148 Erit
340 3098 366 3161 (c
379 3114 426 3163 pro
440 3098 571 3147 Dicerunt
584 3104 627 3147 etc
640 3097 692 3146 sic:
713 3097 843 3159 Scriptum
861 3102 899 3147 eet
911 3097 974 3145 euim
987 3097 1014 3145 ia
1028 3097 1082 3160 leye
1093 3101 1182 3145 nostra
1194 3092 1230 3144 Et
1242 3094 1304 3155 erit)
1319 3124 1328 3134 ·
1341 3094 1463 3144 benedict.

264 3183 291 3246 (c
304 3181 357 3246 om)
376 3183 403 3230 in
421 3182 506 3233 secula
525 3183 554 3245 (Β
566 3180 614 3243 -lo)
633 3211 642 3221 ·
658 3185 791 3246 pernionet
810 3182 837 3242 (Β
850 3180 939 3243 uehit)
959 3180 1029 3230 tows
1047 3180 1095 3240 (nc
1112 3179 1211 3241 netues)
1230 3180 1284 3228 eius
1301 3209 1311 3220 ·
1329 3184 1354 3228 et
1367 3179 1396 3240 (n
1409 3177 1465 3240 om)

263 3281 328 3317 cmo.
345 3271 415 3331 yent.
435 3282 499 3316 iero.
518 3267 542 3316 ei
566 3268 596 3329 (Β
615 3281 657 3315 om
680 3281 746 3317 sero.
767 3265 799 3315 ei.
838 3278 912 3316 com
937 3269 962 3315 et
980 3280 1044 3314 omo.
1063 3281 1089 3328 9.
1107 3280 1128 3315 c.
1146 3264 1196 3327 ei).·
1219 3268 1244 3314 et
1268 3262 1298 3326 (B
1316 3263 1370 3326 om)
1393 3277 1465 3328 reyes

264 3351 309 3416 (ΑΒ
328 3351 383 3417 oin)
403 3383 412 3394 ·
430 3355 570 3404 adorantes
587 3352 615 3415 (Β
634 3353 688 3417 om)
708 3357 732 3403 et
749 3353 942 3420 maynidoantee
960 3350 989 3414 (Β
1008 3349 1123 3414 uolunt)
1141 3367 1203 3400 eum.
