3458 5640
287 624 339 670 1211
749 603 1021 655 PROLEGOMENA.

289 776 387 839 saepe
409 758 443 820 et
464 734 646 818 maleficum
668 752 830 835 depingit,
852 751 1044 818 benevolum
1067 750 1310 833 beneficumque
1332 749 1484 832 prodant

291 866 366 953 Qua
393 888 433 932 ex
461 865 590 930 diversa
616 862 849 929 miraculorum
880 869 1002 928 natura
1031 884 1098 928 non
1127 867 1217 928 recte
1245 860 1353 928 effecit
1380 861 1484 927 Klau-

290 979 389 1045 lrerus
412 978 525 1060 (Ueber
546 979 593 1040 die
607 976 811 1062 Apoliypbeu
832 979 883 1040 des
897 976 942 1040 N.
964 977 1000 1039 Τ.
1023 977 1051 1061 t.
1067 977 1138 1040 970.
1152 996 1183 1058 p.
1198 976 1282 1059 206.)
1305 995 1371 1040 999
1386 994 1484 1058 posse

290 1091 460 1156 arabicum
482 1087 685 1172 evangelium
708 1109 747 1153 ex
769 1107 889 1171 graeco
912 1087 1058 1153 'Plumae
1081 1087 1232 1153 derivari.

290 1247 292 1252 ·
377 1201 562 1287 Quaerere
585 1222 645 1286 per
666 1206 775 1266 totum
798 1200 960 1266 orientem
982 1201 1245 1285 apocrypharum
1267 1198 1485 1266 traditionum

291 1315 331 1381 de
358 1314 436 1380 Iesu
463 1335 580 1397 puero,
609 1333 722 1378 earum
747 1313 957 1395 potissimum
984 1332 1069 1395 quae
1097 1312 1229 1378 arabico
1257 1312 1341 1377 libro
1369 1318 1484 1375 nostro

289 1425 479 1507 traduntur,
507 1423 704 1507 propagatio
727 1422 840 1503 suerit,
867 1427 1010 1505 quantus
1031 1443 1125 1504 usus,
1147 1426 1271 1504 quanta
1293 1422 1485 1501 auctoritas,

289 1535 488 1618 intelligitur
510 1534 586 1599 inde
610 1532 697 1616 quod
719 1532 808 1597 haud
830 1553 954 1616 paucae
977 1533 1077 1598 etiam
1098 1532 1384 1597 Mubammedanis
1407 1532 1486 1596 sori·

289 1647 441 1731 ptoribus
462 1644 649 1729 placebant,
677 1643 828 1710 Kessaeo
851 1644 1006 1728 maxime,
1033 1644 1154 1710 celebri
1177 1643 1299 1711 Gorani
1322 1664 1485 1710 commen-

290 1759 407 1824 tatori:
430 1757 509 1841 quid
525 1756 613 1840 quod
628 1755 805 1838 nonnullae
822 1757 857 1821 in
878 1756 985 1839 ipsum
1001 1756 1168 1823 Coranum
1190 1761 1342 1839 receptae
1365 1756 1485 1837 sunt1).

290 1870 325 1935 A
347 1890 413 1952 qua
434 1890 471 1934 re
493 1869 603 1934 nescio
626 1888 669 1932 an
692 1867 734 1932 ad
760 1867 994 1950 antiquitatem
1021 1868 1173 1933 arabicae
1200 1868 1485 1950 interpretationis

292 1979 442 2046 concludi
464 1979 579 2069 possit,
601 1999 800 2061 quamquam
823 1979 1065 2044 concedendum
1087 1984 1147 2062 est,
1168 1980 1314 2062 potuisse
1333 1978 1486 2044 Moham·

291 2091 418 2156 medem
445 2090 578 2156 haurire
605 2110 665 2154 sua
693 2111 733 2155 ex
754 2089 989 2155 traditionibus
1011 2091 1080 2155 eius
1102 2091 1233 2173 generis
1255 2111 1339 2173 quae
1363 2090 1485 2155 dudum

291 2201 580 2266 circumferrentur
602 2221 659 2266 ore
680 2200 877 2283 populorum
901 2200 1119 2266 orientalium.
1163 2201 1338 2266 Dialectus
1353 2201 1486 2282 quidem

290 2313 424 2378 arabica
446 2332 531 2394 quae
554 2313 588 2376 in
611 2311 708 2376 editis
731 2316 789 2394 est,
811 2311 959 2378 Henrico
984 2310 1077 2408 Sikio
1101 2333 1168 2378 non
1190 2311 1330 2376 multum
1353 2311 1486 2377 differre

289 2412 467 2490 videbatur
493 2423 535 2488 ab
566 2423 701 2500 arabica
726 2421 815 2489 Novi
842 2423 1039 2490 Testimenti
1068 2423 1220 2490 versione
1251 2443 1350 2506 quam
1382 2423 1486 2488 edidit

289 2535 473 2620 Erpenius3
507 2535 564 2600 sed
596 2555 657 2600 nec
688 2534 727 2601 de
758 2535 855 2601 buius
886 2542 995 2602 aetate
1026 2536 1106 2602 satis
1138 2540 1277 2603 constat.
1330 2534 1485 2603 (laterum

288 2649 366 2716 huic
387 2649 539 2716 arabicae
560 2648 668 2714 nostri
687 2648 847 2733 evan'gelii
864 2649 1004 2716 dialecto
1026 2671 1093 2717 non
1116 2650 1252 2715 nimium
1274 2650 1485 2716 auctoritatis

290 2761 501 2827 tribuendum
535 2765 601 2827 est:
633 2766 767 2843 poterat
795 2762 881 2825 enim
909 2761 1004 2828 facile
1030 2764 1100 2845 ipse
1123 2763 1274 2828 arabicus
1295 2767 1406 2827 textus
1429 2764 1486 2845 qui

291 2894 389 2956 saepe
412 2878 445 2938 et
467 2893 540 2937 cum
562 2892 675 2938 amore
697 2871 946 2955 describeretur,
971 2873 1012 2938 ad
1034 2875 1251 2940 recentiorem
1274 2874 1395 2939 sensim
1416 2872 1486 2938 dia·

290 2984 412 3050 lectum
443 2982 653 3049 conformari.
697 2982 855 3050 Codicum
887 3006 1000 3050 eorum
1028 2986 1084 3068 qui
1116 3007 1156 3052 ex
1183 2986 1342 3070 catalogis
1371 2985 1486 3051 biblio-

290 3096 462 3162 thecarum
491 3097 708 3162 innotuerunt
738 3097 988 3179 antiquissimus
1018 3097 1149 3162 videtur
1178 3097 1349 3164 Mediceus
1377 3097 1486 3163 Palat.

290 3230 378 3275 num.
393 3206 555 3274 XXXH.
577 3228 664 3274 anno
683 3208 773 3274 1299.
789 3209 948 3292 scriptus:
970 3209 1044 3274 vide
1067 3209 1153 3292 apud
1176 3209 1261 3275 Thil.
1277 3207 1358 3276 (lod.
1376 3230 1486 3292 apocr.

290 3341 365 3405 pag.
386 3318 530 3386 XXXI.

377 3431 556 3514 Reliquum
587 3435 637 3496 est
664 3436 702 3495 ut
729 3431 768 3497 de
796 3430 996 3496 editionibus
1021 3431 1119 3496 huius
1147 3433 1308 3515 evangelii
1331 3433 1485 3499 dicamus.

291 3542 424 3607 Primus
452 3541 556 3606 edidit
582 3539 783 3606 chricus
810 3539 905 3606 Sile
933 3541 1080 3606 Traiecti
1109 3542 1150 3606 ad
1173 3544 1340 3624 Rhenum,
1371 3565 1486 3608 consu-

290 3651 378 3717 libus
400 3650 600 3734 reipublicae
622 3649 813 3716 Bremensis
836 3651 994 3734 dicatum,
1017 3673 1103 3718 anno
1128 3655 1218 3717 1697.
1262 3651 1384 3719 Codice
1406 3675 1485 3718 usus

292 3767 344 3828 est
365 3761 584 3828 bibliothecae
607 3761 712 3846 Golii,
739 3762 870 3846 publica
895 3768 966 3827 tum
989 3764 1141 3830 auctione
1164 3763 1318 3848 Lugduni
1342 3763 1485 3830 Batavo·

291 3897 365 3940 rum
388 3874 587 3956 divenditae,
614 3875 672 3958 qui
694 3896 792 3958 quarn
815 3881 958 3942 aetatem
980 3877 1132 3948 habuerit
1154 3883 1213 3942 aut
1235 3898 1392 3961 quorsum
1414 3899 1486 3960 per-

292 3987 420 4052 venerit
442 4008 509 4052 non
532 3992 671 4051 constat.
715 3987 809 4051 Libri
831 3987 947 4052 titulus
970 3994 1021 4052 est
1049 3990 1247 4075 Ebaepelium
1271 3993 1420 4074 tresnariae
1440 3991 1489 4054 vel

293 4098 365 4160 liber
387 4085 579 4183 apocryphus
601 4100 637 4161 de
658 4103 789 4183 ieffautia
812 4100 994 4194 §creatoris
1039 4101 1090 4163 Ea
1111 4105 1315 4186 manuscripto
1337 4103 1486 4165 edidicere

293 4207 409 4272 [9999
430 4212 563 4272 versione
584 4219 613 4272 et
632 4214 708 4272 notis
730 4210 892 4273 illustravit
904 4211 1056 4274 Hearieua
1074 4212 1151 4276 Sile.
1188 4210 1314 4276 Textus
1333 4212 1485 4277 arabicus

379 4421 403 4488 1)
422 4422 464 4476 Cf.
484 4423 621 4475 dissertat.
639 4440 724 4475 meam
747 4425 885 4492 lingonum
909 4442 935 4493 p.
953 4427 986 4477 91
1008 4442 1079 4492 sqq„
1104 4428 1168 4478 item
1192 4427 1288 4493 quibus
1312 4428 1349 4478 ibi
1373 4429 1485 4479 marimo

293 4525 356 4560 nsua
374 4526 431 4562 enm
450 4511 560 4562 Henrici
580 4509 648 4562 Silii
667 4516 745 4564 notar
763 4517 791 4564 ot
808 4513 939 4564 'Philonia
975 4511 1007 4563 Iu
1025 4513 1131 4565 dissert.
1150 4531 1207 4566 mea
1225 4516 1245 4564 l.
1260 4515 1278 4565 l.
1296 4516 1366 4566 male
1385 4516 1485 4566 facturn

293 4599 424 4663 estquod
443 4599 471 4650 in
490 4600 557 4651 locis
575 4601 743 4667 apponendis
761 4603 920 4678 scriptorum
939 4602 1051 4652 Arabum
1071 4602 1271 4669 Abultaragiurn
1290 4618 1349 4675 eum
1368 4603 1485 4655 Keasaeo

293 4684 439 4751 composui.
