3458 5640
683 580 955 634 pronascatur.
1304 585 1305 588 ’
1349 596 1424 643 mn

226 733 399 802 Nieodemi
422 724 641 820 nuncupatur,
663 741 733 801 tum
755 735 914 802 iudicium
936 734 976 801 de
999 734 1189 819 antiquiore
1211 735 1350 819 ipsaque
1368 732 1424 800 an·

226 848 413 933 tiquissima
433 849 508 915 libri
531 849 662 915 ratione
670 850 706 932 ¹).
750 848 848 914 Prius
872 847 1042 915 exordium
1064 846 1173 915 verbis
1188 848 1297 934 Ἐγὼ
1314 847 1423 932 Ἅμα-

227 965 301 1048 μίασ
323 962 455 1045 incipit,
477 963 620 1028 alterum
642 961 751 1027 verbis
766 961 834 1045 Ἐμ
859 968 928 1027 ἔτει
952 960 1262 1045 ωεμτεκαιδεκάτῳ.
1306 960 1349 1025 In
1371 981 1423 1026 co·

226 1075 352 1141 dicibus
375 1075 449 1140 aliis
471 1079 657 1158 utrumque¹
671 1073 852 1154 invenitur,
876 1074 925 1137 ita
947 1072 1034 1156 apud
1057 1093 1117 1138 uos
1140 1073 1175 1137 in
1198 1073 1312 1139 codice
1335 1092 1367 1152 e,
1390 1073 1425 1137 in

226 1191 325 1270 copto
347 1187 530 1268 interprete
554 1191 588 1249 ot
610 1184 776 1250 nonnullis
798 1184 911 1248 latinis
932 1184 1085 1265 testibus3
1108 1185 1142 1248 in
1157 1184 1233 1248 aliis
1247 1188 1425 1265 utrumque

227 1297 407 1375 omittitur,
439 1296 488 1380 itu
515 1296 603 1376 apud
631 1315 692 1360 nos
721 1296 754 1358 in
783 1293 875 1358 codd.
898 1294 1026 1375 grureeis
1049 1311 1114 1372 rrr3
1145 1314 1259 1357 rursus
1288 1294 1323 1356 in
1351 1292 1425 1356 aliis

227 1407 423 1471 alterutrum
438 1405 654 1487 desideratur,
677 1403 951 1487 quemadmodum
974 1403 1062 1485 apud
1084 1423 1144 1467 nos
1159 1403 1251 1485 prius
1268 1402 1427 1468 omittunt

229 1517 358 1583 codices
380 1516 491 1600 graeci
514 1529 622 1598 Anac,
648 1515 744 1580 latini
767 1516 834 1577 1)abo
851 1527 923 1577 uror.
942 1527 1040 1598 Amor,
1064 1514 1204 1580 alterum
1226 1503 1322 1577 latini
1344 1523 1425 1592 ABc;

228 1631 261 1695 in
283 1630 325 1695 iis
348 1650 425 1696 vero
449 1628 505 1713 qui
528 1627 651 1694 habent
674 1627 816 1692 maxima
838 1631 949 1692 textus
972 1625 1159 1693 differentia
1186 1631 1245 1691 est.
1290 1624 1366 1710 Qua
1388 1623 1423 1689 in

228 1744 363 1809 testium
385 1742 609 1827 discrepantia
634 1742 755 1808 eminet
783 1740 847 1808 hoc
869 1740 957 1825 quod
986 1745 1163 1824 utrumque
1191 1738 1267 1804 libri
1294 1738 1426 1803 initium

228 1858 294 1923 iam
317 1857 352 1923 in
375 1861 472 1941 copto
495 1857 676 1940 interprete
699 1860 867 1939 repertum
890 1858 955 1937 est,
987 1853 1078 1919 euius
1106 1857 1234 1919 textum
1263 1852 1344 1919 folia
1370 1873 1427 1935 pa·

229 1990 371 2054 pyracea
393 1968 624 2052 antiquissima
646 1971 891 2034 conservarunt.
935 1967 1052 2049 Atque
1074 1965 1167 2048 prius
1195 1968 1299 2047 certe,
1327 1984 1428 2046 quum

231 2081 271 2148 de
292 2081 398 2148 altero
426 2080 594 2146 nonsatis
623 2083 765 2160 constet,
795 2079 896 2145 etiam
923 2078 1009 2143 libro
1032 2076 1285 2144 Vindobonensi
1313 2074 1427 2159 palim-

231 2197 342 2277 psesto
366 2192 472 2276 quinti
500 2191 551 2258 vel
578 2192 663 2256 sexti
692 2191 814 2257 saeculi
843 2191 1041 2258 continetur.
1087 2189 1223 2258 Certum
1250 2188 1353 2272 igitur
1378 2191 1428 2253 est

231 2311 383 2371 neutrum
410 2304 558 2371 novellae
581 2304 779 2369 inventionis
803 2325 882 2370 esse.
928 2304 992 2371 Sed
1017 2303 1190 2387 quaeritur
1212 2302 1291 2386 quid
1316 2320 1428 2366 earum

232 2438 340 2483 rerum
368 2417 410 2482 ab
433 2417 505 2500 ipso
528 2416 603 2482 libri
627 2421 772 2497 auctore,
795 2416 875 2500 quid
897 2416 939 2481 ab
961 2414 1256 2499 interpolatoribus
1279 2412 1428 2496 quamvis

231 2529 375 2612 antiquis
399 2528 583 2611 profectum
605 2534 767 2610 putemus.
812 2526 888 2612 Qua
910 2528 950 2593 de
973 2550 1009 2593 re
1031 2527 1112 2592 mihi
1140 2529 1188 2593 sic
1209 2526 1347 2592 ridetur.
1391 2523 1428 2588 Is

232 2639 289 2722 qui
310 2638 430 2703 librum
453 2639 542 2703 varie
565 2660 586 2702 a
608 2660 642 2704 se
670 2637 922 2722 interpolatum,
954 2643 1065 2703 tamen
1093 2659 1160 2704 non
1187 2637 1328 2721 primum
1351 2658 1372 2701 a
1393 2656 1428 2700 se

231 2749 389 2831 scriptum
417 2749 473 2814 sed
497 2754 680 2831 repertum,
712 2754 870 2831 tanquam
892 2747 1046 2813 Ananiae
1069 2748 1137 2813 sive
1159 2747 1295 2811 Aeneae
1316 2749 1428 2811 auoto-

231 2860 330 2925 ritate
352 2860 465 2924 nixum
487 2859 722 2942 inventumque
745 2859 933 2926 Theodosio
956 2863 991 2924 et
1005 2858 1242 2926 Valentiniano
1265 2858 1428 2941 imperan-

231 2973 320 3037 tibus
344 2972 467 3056 emisit,
499 2972 539 3038 de
562 2992 621 3036 suo
645 2971 774 3037 addidit
795 2972 909 3055 priora
929 2970 1038 3056 Ἐγὼ
1061 2972 1231 3054 ’λμαμῐασ
1259 2974 1334 3053 etc,
1364 2989 1430 3033 una
1473 2991 1475 2994 ⁴

233 3089 363 3149 servato
398 3084 520 3150 indicio
554 3084 713 3168 temporis
745 3084 832 3168 quod
863 3083 947 3150 libro
979 3082 1206 3166 praepositum
1243 3080 1430 3147 invenisset.

233 3195 521 3278 Compleotebatur
548 3195 629 3261 illud
658 3217 696 3261 ex
725 3196 876 3279 antiquo·
891 3194 1019 3277 more²)
1052 3193 1120 3259 fere
1152 3194 1235 3259 haec
1259 3193 1327 3276 Ἐμ
1360 3198 1429 3256 ἔτει

234 3327 338 3390 usque
360 3314 432 3391 τῶμ
449 3307 621 3391 Ἰουδαίωμ
645 3307 796 3390 Καῑάᾠα.
841 3306 965 3370 Postea
988 3305 1046 3370 alii
1065 3303 1240 3371 Nieodemi
1264 3303 1432 3369 malebant

234 3418 468 3485 auctoritatem
491 3420 559 3484 sive
582 3418 773 3501 interpretis
797 3417 863 3483 sive
887 3417 1047 3491 auctoris:
1070 3416 1152 3482 haec
1175 3416 1262 3483 enim
1285 3416 1320 3480 iu
1343 3413 1430 3481 codi-

235 3530 326 3595 cibus
348 3529 518 3612 fluotuant,
541 3552 681 3615 quorum
705 3529 779 3595 aliis
801 3528 1004 3595 Nicodamus
1027 3529 1177 3612 Aeneae,
1200 3527 1274 3593 aliis
1296 3529 1431 3594 Aeneas

316 3723 338 3789 1)
357 3727 445 3776 llulto
463 3724 592 3775 minorem
612 3724 772 3791 gravitatem
791 3730 839 3774 aut
858 3724 1047 3775 difficultatem
1067 3724 1109 3774 his
1129 3724 1226 3789 quibus
1245 3723 1431 3789 „arengalium

232 3809 390 3861 Nieodemi“
409 3811 515 3875 incipit,
534 3825 565 3861 aa
583 3810 687 3860 hebent
699 3809 795 3874 quibus
815 3811 842 3860 in
862 3809 1028 3860 editionibus
1042 3809 1160 3875 vulgetis
1180 3808 1282 3860 fluitur.
1320 3808 1357 3858 lle
1370 3807 1430 3858 dieo

233 3911 299 3959 quea
318 3895 382 3946 inde
400 3913 416 3945 a
433 3895 522 3946 verbis
541 3897 639 3961 capitis
652 3894 760 3945 xxvll.
784 3895 823 3944 Er
838 3900 972 3959 postquam
990 3894 1178 3959 compleverunt
1194 3896 1278 3944 omur'o
1295 3892 1432 3943 scribentes

233 3981 368 4043 leguntur.
405 3981 441 4030 At
460 3981 529 4029 enim
549 3979 615 4029 haec
634 3981 720 4029 latine
740 3984 844 4029 tuntum
864 3981 965 4042 scripta
984 3995 1038 4028 non
1058 3979 1166 4028 dubium
1186 3983 1228 4029 est
1246 3979 1312 4042 quin
1329 3979 1431 4028 latinus

233 4065 309 4113 horno
328 4075 391 4129 poet
409 4064 512 4113 demum
532 4065 678 4113 affinxerit.
715 4063 788 4120 erne
808 4080 849 4113 roe
868 4069 1012 4128 propteroa
1035 4065 1122 4130 gravis
1141 4064 1226 4113 rideri
1249 4068 1341 4128 potest
1360 4051 1430 4127 quod

233 4150 340 4198 nomine
353 4147 443 4198 Carini
457 4153 485 4198 et
497 4149 598 4204 Loueii,
615 4149 710 4211 quibus
724 4149 909 4197 ltellosobrius
927 4150 1034 4197 histoire
1045 4151 1077 4197 de
1089 4148 1222 4197 Muuirlde
1235 4148 1255 4196 1.
1269 4164 1296 4211 p.
1307 4149 1358 4197 370
1370 4163 1430 4211 sqq.

232 4231 266 4281 ed
285 4231 474 4282 inveniendum
493 4233 555 4281 libri
574 4232 704 4297 originem
723 4248 786 4282 uene
806 4239 856 4289 est,
875 4233 904 4281 in
923 4233 1026 4297 graecis
1046 4234 1126 4297 plene
1145 4247 1199 4281 non
1218 4235 1336 4281 exstem.

316 4322 339 4390 1)
357 4326 443 4376 Huius
462 4327 542 4376 moris
562 4327 709 4390 exemplum
729 4327 807 4375 Thilo
827 4324 891 4375 Cod.
906 4341 995 4390 apocr.
1015 4344 1040 4391 p.
1053 4329 1113 4376 498.
1134 4327 1231 4376 attulit
1249 4341 1280 4376 ax
1298 4324 1429 4376 Ammiuu.

232 4413 353 4463 Marcell.
374 4412 504 4470 xxl1‚a
540 4412 579 4462 Et
596 4416 656 4461 oola
672 4428 748 4475 super
766 4428 794 4461 eo
810 4416 884 4475 qesta
902 4428 951 4461 eom
969 4413 1023 4461 elue
1041 4427 1130 4476 uropao
1150 4411 1298 4475 lepelaetur
1314 4413 1430 4470 terrore,

233 4516 286 4549 eum
303 4499 330 4549 td
348 4499 482 4550 oobeme‘eie
500 4499 601 4564 publici
618 4500 756 4549 commueret
775 4500 906 4548 exordium
927 4499 1065 4549 Consulatu
1087 4499 1167 4548 Tauri
1184 4503 1209 4548 et
1228 4498 1356 4548 Florentii
1374 4505 1429 4548 etc.
1487 4553 1488 4557 Ἰ

233 4584 302 4635 Item
321 4602 351 4635 ex
370 4586 438 4635 actis
457 4587 610 4650 proconsul.
629 4584 755 4650 Cypriani
778 4588 938 4648 Imperatore
961 4580 1100 4635 Valeriano
1119 4585 1168 4634 11⁷.
1188 4589 1213 4634 el
1234 4585 1354 4634 Gallieno
1372 4584 1428 4633 ΙΙΙ.

237 4672 302 4722 Coae.
317 4671 372 4722 111.
390 4672 452 4722 Kal.
468 4673 538 4736 Sept.
555 4672 709 4736 certamem
728 4677 780 4721 eto.
