3458 5640
224 591 284 656 198
416 589 1067 644 uvaneuu1uu1urenu1suaasu1eulu
1093 592 1217 645 xxxm.

223 741 292 825 ipsi
313 744 559 805 monstrarunt.
599 737 701 802 Dixit
721 757 802 821 ergo
824 737 909 804 hera
928 736 1057 804 Maria:
1091 737 1337 807 Misericordia
1358 740 1418 808 do·

222 842 308 908 mini
327 841 410 908 Iesu
433 838 564 906 Christi
587 837 779 905 descendat
799 859 905 922 super
924 860 1000 906 vos:
1027 845 1062 905 et
1084 840 1279 925 paullulum
1303 863 1415 928 aquae

222 945 310 1030 eius,
326 965 396 1030 qua
411 967 536 1030 corpus
553 944 635 1010 Iesu
654 942 785 1010 Christi
802 944 971 1027 abluerat,
988 945 1059 1011 illis
1079 967 1217 1033 quoque
1232 949 1416 1034 porrigens

221 1049 286 1119 bac
301 1051 462 1118 mIseram
482 1049 590 1116 lavari
611 1049 725 1116 iussit.
757 1045 859 1134 Quod
877 1070 955 1115 cum
970 1048 1152 1136 fecissent,
1175 1051 1346 1138 extemplo
1364 1072 1417 1122 sa·

221 1162 302 1223 nata
318 1163 381 1241 est,
399 1157 536 1242 ipsique
554 1162 589 1221 et
605 1175 724 1221 omnes
740 1152 920 1221 adstantes
932 1154 1035 1221 deum
1049 1154 1286 1224 laudaverunt
1310 1155 1414 1225 Laeti

220 1281 302 1346 ergo
323 1262 360 1326 in
376 1260 497 1326 urbem
514 1279 612 1326 suam
628 1264 860 1340 reverterunt,
883 1257 1059 1325 dominum
1074 1267 1259 1345 propterea
1272 1259 1416 1327 laudan·

218 1369 282 1430 tes.
315 1362 402 1430 (lum
417 1384 497 1428 vero
514 1362 677 1446 princeps
698 1361 856 1426 audisset
871 1367 1027 1427 sanatam
1050 1383 1126 1429 esse
1147 1376 1412 1446 uxorem'suam,

221 1486 263 1533 ea
276 1465 320 1533 'in
338 1465 477 1532 domum
494 1486 591 1532 suam
607 1469 750 1548 recepta
765 1464 937 1530 secundas
954 1467 1095 1549 nuptias
1111 1466 1209 1550 lecit,
1231 1472 1267 1532 et
1285 1488 1347 1552 pro
1364 1487 1415 1534 re·

222 1575 389 1656 caperata
404 1570 522 1636 uxoris
539 1570 690 1634 sanitate
706 1572 823 1654 grates
841 1566 905 1633 deo
924 1568 1006 1652 egit.

654 1771 775 1840 Garun
797 1773 984 1840 XXXIII.

305 1913 397 1980 Erat
413 1932 551 1997 quoque
573 1912 623 1976 ibi
644 1910 923 1994 adolescentula,
951 1933 1039 1996 quae
1062 1932 1082 1977 a
1104 1917 1225 1978 satana
1246 1913 1417 1997 affligeba-

219 2022 293 2082 tur:
309 2014 517 2082 maledictus
534 2015 625 2079 enim
641 2013 702 2078 ille
719 2012 830 2079 forma
847 2015 1000 2098 ingentis
1018 2015 1180 2080 draconis
1198 2014 1346 2082 subinde
1363 2015 1416 2080 illi

220 2117 412 2203 apparebat
440 2137 584 2200 eamque
611 2115 785 2198 deglutire
817 2116 979 2198 parabat;
1011 2137 1147 2181 omnam
1172 2137 1311 2201 quoque
1341 2119 1416 2183 eius

193 2239 198 2248 ·
220 2221 426 2307 sanguinem
437 2217 637 2303 exsugebat,
654 2219 705 2283 ita
720 2224 760 2282 ut
773 2217 931 2283 cadaveri
943 2219 1068 2284 similis
1078 2224 1282 2285 remaneret.
1306 2217 1416 2301 Hace,

220 2324 510 2409 quotiescumque
522 2320 565 2387 ad
577 2342 652 2386 eam
662 2320 863 2410 accedebat,
880 2321 1041 2387 manibus
1053 2342 1158 2405 super
1169 2327 1274 2405 caput
1287 2322 1416 2388 iunctis

217 2425 475 2493 vociferabatur
491 2430 527 2490 et
542 2423 695 2490 dicebat:
719 2422 805 2505 Vae,
821 2445 881 2490 vae
898 2424 995 2507 mihi,
1013 2423 1106 2509 quod
1122 2444 1223 2489 nemo
1240 2423 1341 2490 adest
1357 2425 1417 2508 qui

217 2552 238 2599 a
252 2532 404 2618 pessimo
423 2531 491 2597 isto
509 2527 659 2595 dracone
676 2548 729 2594 me
746 2526 882 2595 liberet.
906 2528 1014 2595 Pater
1029 2535 1145 2594 autem
1162 2533 1198 2595 et
1212 2533 1322 2594 mater
1338 2527 1414 2594 eius

218 2643 383 2705 etomnes
395 2635 454 2720 qui
472 2634 564 2700 circa
579 2633 690 2716 ipsam
707 2639 808 2698 erant
823 2638 884 2699 aut
899 2632 1186 2718 ipsamvidehant
1201 2632 1276 2700 eius
1287 2639 1416 2699 sortem

218 2741 398 2821 dolebant;
422 2745 457 2805 et
471 2737 630 2804 homines
650 2738 846 2821 promiscue
868 2741 942 2804 eam
959 2737 1264 2805 circumsistebant
1281 2758 1415 2804 omnes·

219 2864 286 2930 que
307 2842 440 2909 flebant
461 2847 495 2906 et
514 2839 812 2922 lamentabantur,
838 2842 1044 2924 praesertim
1065 2862 1142 2907 cum
1164 2842 1241 2924 ipsa
1254 2840 1360 2908 lieret
1380 2848 1415 2907 et

219 2948 367 3014 diceret:
402 2943 432 3011 Ο
449 2944 576 3010 fratres
592 2945 660 3009 mei
677 2950 713 3009 et
728 2945 845 3026 amici,
868 2964 1015 3010 nemone
1033 2951 1087 3012 est
1103 2946 1163 3030 qui
1179 2944 1221 3010 ab
1238 2944 1414 3011 homicida

218 3047 287 3117 isto
303 3070 357 3116 me
373 3044 522 3114 liberet?
551 3046 645 3112 Filia
660 3067 740 3113 vero
757 3048 927 3132 principis
945 3069 1033 3133 quae
1055 3069 1076 3113 a
1096 3049 1195 3132 lepra
1214 3069 1278 3115 sua
1293 3055 1416 3115 sanata

218 3154 348 3234 fuerat,
367 3151 516 3217 audiens
531 3171 649 3215 vocem
666 3151 806 3234 puellae
828 3153 931 3217 iatius
948 3151 1134 3217 adscendit
1153 3154 1189 3217 in
1207 3151 1415 3218 castelliani

220 3262 351 3323 tectum
373 3252 530 3338 viditque
555 3252 650 3318 illam
678 3253 838 3319 manibus
864 3275 970 3337 super
994 3260 1099 3338 caput
1122 3255 1252 3321 iunctis
1275 3254 1415 3321 flentem

220 3375 410 3442 omnesque
428 3358 726 3422 circumstantium
743 3357 865 3440 globos
882 3358 1015 3440 pariter
1030 3357 1164 3424 flentes.
1188 3358 1338 3442 Rogavit
1353 3360 1416 3443 igi-

217 3461 446 3527 turmaritum
462 3460 564 3525 istius
576 3458 820 3523 daemoniacae
837 3480 880 3524 an
892 3460 1141 3525 vlveretmater
1157 3463 1273 3526 uxoris
1289 3463 1412 3544 ipsius.

221 3562 379 3649 Quicum
394 3567 579 3644 utrumque
592 3561 666 3626 eius
676 3561 976 3644 parentemvivere
988 3560 1144 3645 dixisset,
1160 3561 1308 3627 Matrem
1326 3564 1412 3645 eius,

217 3667 335 3752 inquit
355 3665 431 3748 illa,
454 3663 498 3730 ad
519 3685 571 3729 mo
595 3684 741 3730 arcesse.
773 3661 885 3748 Quam
907 3671 946 3730 ut
966 3664 1008 3730 ab
1030 3685 1070 3730 eo
1093 3664 1295 3732 arcessitam
1314 3665 1411 3750 vidit,

216 3770 412 3858 Lymphato
426 3769 514 3836 haec
533 3768 806 3851 adolescentula,
829 3770 953 3854 inquit,
977 3791 1058 3835 num
1074 3769 1146 3837 filis
1161 3776 1223 3836 tua
1239 3768 1314 3836 est?
1345 3770 1411 3855 Ita,

219 3898 238 3942 o
256 3874 406 3958 domina,
423 3874 539 3957 iuquit
554 3872 678 3938 mulier
694 3872 756 3937 illa
771 3873 883 3939 tristis
899 3876 936 3938 ‘et
951 3872 1048 3956 llens,
1066 3872 1151 3938 haec
1167 3873 1239 3939 filia
1254 3895 1331 3939 mea
1347 3885 1411 3942 est.

217 3977 416 4062 Respondit
436 3977 508 4042 filia
528 3977 712 4060 principis:
750 3974 836 4041 Gela
856 3982 1026 4041 secretum
1046 3996 1175 4056 meum,
1200 3997 1278 4041 nam
1299 3978 1413 4043 fateor

216 4080 283 4158 tibi
301 4101 355 4146 me
372 4080 481 4145 luisse
499 4079 687 4161 leprosam,
710 4077 771 4143 sed
795 4082 887 4141 nuuc
908 4079 1042 4143 sanavit
1061 4099 1114 4142 me
1132 4077 1272 4143 domina
1285 4078 1411 4161 Morio,

216 4189 328 4247 mater
342 4179 585 4246 Iesu'Ohristi.
618 4179 719 4261 Quod
742 4181 771 4243 si
793 4179 900 4243 liliam
916 4185 1010 4244 tuam
1027 4181 1142 4245 sanari
1158 4181 1224 4261 vis,
1249 4200 1290 4245 ea
1305 4181 1413 4246 Beth-

216 4282 390 4348 lehemum
405 4281 557 4346 abducta
566 4280 714 4345 Mariam
725 4284 868 4345 matrem
878 4279 960 4345 Iesu
977 4282 1128 4364 require,
1145 4286 1181 4347 et
1195 4281 1301 4346 filiam
1316 4287 1412 4348 tuam

217 4391 377 4452 sanatum
398 4384 441 4449 iri
468 4382 618 4461 confide;
644 4403 707 4466 ego
728 4403 808 4448 vero
831 4381 982 4465 confido,
1009 4390 1043 4448 te
1067 4383 1139 4448 lilia
1160 4390 1254 4449 recte
1273 4384 1411 4451 valente

284 4560 409 4612 xxxlu.
434 4577 479 4626 epo
496 4576 555 4612 cero
574 4559 672 4627 confido
689 4563 714 4610 te
732 4584 762 4597 ··
781 4559 815 4609 od
830 4558 911 4608 locam
926 4559 1096 4625 designatum
1118 4561 1158 4612 ita
1176 4562 1217 4612 Fl.
1250 4562 1363 4628 Legitur
1381 4577 1413 4612 ex

216 4649 285 4701 silli
297 4649 524 4713 interpretatione
537 4648 612 4698 medo
624 4647 688 4697 caim
701 4651 725 4698 te
736 4650 829 4723 rosato
837 4644 903 4712 fllia
915 4644 1010 4697 hetam
1021 4663 1189 4699 reversuram.
1215 4648 1310 4699 Statim
1327 4649 1359 4698 eb
1371 4665 1413 4699 ια·

215 4739 297 4788 trem
305 4739 385 4803 parca
395 4733 466 4785 verbi
477 4735 590 4785 senesii
601 4733 660 4792 illa,
672 4737 699 4784 et
709 4749 764 4784 m
772 4732 833 4792 illio
842 4749 889 4783 m
900 4732 935 4783 aa
947 4733 1028 4784 locam
1039 4734 1196 4799 designatum
