3458 5640
263 561 325 623 884
686 557 796 608 ousae
814 559 942 609 emera
967 558 1038 609 xv1.

264 716 404 777 matrem
431 710 501 774 eius
530 715 563 775 et
586 707 685 773 dixit:
717 708 889 774 Annuntio
916 708 977 772 tibi
1001 707 1040 773 de
1067 728 1167 791 puero
1189 707 1263 773 isto.
1306 706 1354 772 Et
1376 706 1463 773 dixit

264 813 393 880 Maria:
424 812 568 892 Bonum,
597 810 728 876 domine
754 813 808 876 mi.
858 811 1020 895 Dixitque
1050 808 1199 877 Simeon:
1230 809 1369 877 Bonum.
1413 811 1463 876 Et

206 967 210 974 .
264 916 348 982 dixit
364 917 496 980 iterum:
518 913 608 979 Ecce
629 915 757 995 positus
781 921 831 979 est
853 914 906 978 hic
928 914 962 977 in
985 914 1115 979 ruinam
1133 919 1167 978 ct
1184 913 1461 991 resurrectionem

263 1017 440 1083 multorum
465 1017 500 1081 in
523 1014 645 1098 Israel,
676 1018 766 1081 etin
788 1018 918 1101 signum
941 1017 993 1081 cui
1017 1015 1274 1103 contradicetur:
1306 1021 1341 1080 et
1366 1021 1460 1080 tuam

263 1125 367 1206 ipsius
398 1122 543 1187 animam
573 1120 790 1203 pertransibit
821 1119 967 1204 gladius,
998 1126 1037 1186 ut
1066 1119 1250 1185 revelentur
1282 1118 1462 1184 multorum

263 1223 410 1290 cordium
432 1225 662 1307 cogitationes.

351 1343 546 1407 ”Dixerunt
575 1350 686 1407 autem
708 1341 826 1408 Iudaei
855 1342 897 1406 ad
919 1341 1019 1407 Levi:
1050 1342 1097 1406 Et
1124 1348 1161 1407 tu
1189 1342 1271 1406 hacc
1298 1339 1460 1425 quomodo

262 1443 373 1509 nosti?
407 1443 502 1508 Dicit
521 1441 617 1507 Levi:
641 1440 718 1507 Non
741 1443 834 1508 scitis
858 1445 936 1526 quio
960 1443 1095 1525 abipso
1119 1440 1219 1506 didici
1241 1439 1368 1525 legem?
1398 1438 1460 1505 Di-

263 1554 342 1612 cunt
368 1547 432 1629 ipsi
462 1545 502 1611 de
531 1546 686 1611 concilio:
717 1545 853 1612 Patrem
882 1552 975 1612 tuum
997 1546 1146 1612 volumus
1168 1545 1287 1611 videre.
1330 1543 1378 1611 Et
1406 1564 1459 1609 ex·

263 1654 403 1718 scrutati
427 1659 504 1717 suut
526 1658 655 1735 patrem
678 1653 748 1718 eius
771 1659 805 1718 et
827 1651 1025 1734 didicerunt,
1050 1674 1088 1719 eo
1111 1651 1253 1718 dicente:
1283 1649 1371 1738 Quid
1394 1671 1459 1715 non

263 1757 449 1823 credidistis
480 1755 547 1822 filio
578 1756 677 1823 meo?
721 1757 848 1823 Beatus
880 1764 913 1824 et
944 1758 1051 1823 iustus
1081 1755 1213 1824 Simeon
1244 1756 1357 1822 docuit
1386 1775 1461 1820 eum

262 1860 377 1944 legem.
421 1859 515 1926 Dicit
537 1860 711 1926 concilium
734 1860 775 1926 ad
798 1858 893 1926 rabbi
910 1859 1006 1926 Levi:
1028 1860 1139 1929 Verus
1161 1867 1212 1926 est
1234 1878 1340 1925 sermo
1364 1878 1461 1941 quem

264 1966 386 2031 dixisti.
431 1965 598 2031 Dixerunt
626 1967 792 2049 principes
816 1966 1024 2031 sacerdotum
1056 1973 1090 2031 ct
1118 1966 1399 2048 archisynagogae
1428 1968 1461 2026 ct

262 2065 401 2131 Levitae
425 2065 467 2130 ad
490 2068 697 2150 semetipsos:
722 2066 844 2135 Venite
864 2060 1037 2131 mittamus
1059 2068 1094 2130 in
1118 2065 1304 2132 Galilaeam
1328 2064 1370 2129 ad
1392 2069 1461 2128 tres

265 2171 354 2233 viros
385 2170 442 2252 qui
479 2169 543 2233 huc
579 2176 739 2234 venerunt
776 2176 810 2235 et
845 2176 1063 2234 narraverunt
1093 2168 1133 2233 de
1165 2168 1316 2232 doctriua
1346 2173 1380 2231 et
1411 2186 1462 2231 as·

264 2271 450 2354 sumptione
483 2272 569 2352 eius,
600 2279 635 2337 et
662 2270 774 2337 dicant
805 2271 900 2336 nobis
927 2270 1089 2355 quomodo
1120 2269 1273 2337 viderunt
1304 2290 1379 2334 eum
1410 2288 1461 2333 as·

265 2381 432 2458 sumptum
455 2375 489 2439 in
513 2375 649 2442 caelum.
686 2375 734 2441 Et
755 2375 953 2458 complacuit
974 2395 1080 2440 sermo
1095 2375 1158 2440 iste
1173 2374 1332 2439 omnibus.
1368 2371 1462 2437 Tunc

263 2638 321 2703 tri)
345 2643 369 2688 et
390 2639 447 2689 die.
472 2637 516 2701 (Bc
538 2638 635 2703 dicere)
659 2652 788 2692 camene
809 2675 838 2690 ..
858 2628 999 2690 12⁸¹’00d1'r
1022 2637 1147 2687 Similiter
1171 2641 1195 2687 et
1217 2637 1270 2699 ipse
1289 2635 1352 2685 stre.
1373 2633 1459 2687 eme.

263 2726 378 2776 Mariam
395 2741 444 2775 rra.
461 2730 518 2775 Ieeu
536 2725 609 2789 (edpr
627 2726 690 2789 eice)
709 2731 734 2776 et
751 2728 817 2775 dixit
833 2723 838 2789 Ι
853 2726 982 2775 Arruntio
1000 2755 1010 2766 ·
1027 2725 1076 2774 isto
1095 2722 1123 2786 (a
1141 2738 1183 2772 om
1201 2723 1275 2787 teto).·
1293 2722 1332 2772 ite
1345 2709 1460 2772 elici)abo

262 2811 324 2862 edpr
346 2828 419 2877 germ
439 2848 446 2862 .
467 2848 473 2862 .
500 2812 560 2862 edpr
584 2829 626 2862 om
656 2816 660 2875 Ι
685 2814 723 2862 Et
746 2814 799 2863 elie.
818 2813 889 2863 erar.
914 2813 1011 2860 Bonum
1032 2809 1061 2873 (a
1082 2809 1163 2872 Bere)
1180 2810 1222 2858 do.
1242 2810 1276 2858 mi
1301 2808 1330 2870 (c
1353 2805 1432 2869 meere)
1450 2837 1461 2848 -

261 2899 370 2949 Boream.
406 2899 444 2947 Ee
467 2900 521 2948 die.
545 2902 637 2948 iterum
660 2899 688 2962 (c
712 2915 753 2949 om
776 2901 843 2949 Boe.
867 2899 906 2948 Et
927 2899 964 2948 di.
984 2896 1057 2961 iter.)
1082 2911 1140 2946 cum
1164 2909 1198 2948 eo
1216 2930 1224 2946 .
1245 2930 1252 2945 .
1277 2894 1374 2959 reliqui
1391 2909 1435 2944 oni
1454 2890 1459 2960 Ι

262 2985 331 3034 Ecce
350 2984 378 3048 (a
397 2985 450 3047 orn)
465 3001 522 3050 poe.
537 2990 574 3036 eet
591 2988 633 3036 tic
651 2986 679 3049 (a
698 2986 752 3050 om)
772 3003 830 3038 cnm
849 2999 909 3048 noa,
929 2987 994 3036 item
1013 2983 1075 3035 edpr
1093 3019 1122 3035 ..
1143 2971 1204 3034 „ebe
1222 2982 1275 3032 Hie
1288 2983 1388 3045 poeitae
1404 2979 1459 3048 etti

262 3074 288 3121 et
305 3075 514 3122 resurrectionem
539 3088 598 3122 cum
617 3062 726 3124 e⁰⁸cob
746 3072 806 3124 edpr
826 3109 854 3123 ..
875 3071 979 3124 e'lru⁰⁰
997 3076 1022 3121 et
1040 3072 1133 3121 ireres.
1155 3069 1160 3135 Ι
1181 3073 1207 3119 ire
1226 3069 1311 3120 Israel
1333 3085 1391 3118 cum
1410 3080 1462 3120 eac

264 3158 325 3210 edpr
345 3198 351 3210 ,
368 3195 375 3209 .
395 3149 457 3210 D⁸b⁰
475 3177 518 3210 om
534 3160 539 3224 Ι
554 3162 595 3210 eri
613 3162 729 3210 contrad.
751 3178 809 3210 cum
828 3174 879 3212 sec
898 3160 959 3211 odpr
979 3197 985 3211 .
1002 3195 1009 3210 .
1028 3148 1090 3210 1)‘⁸bc
1109 3158 1318 3208 contradictionis
1332 3157 1336 3220 Ι
1352 3161 1377 3207 et
1394 3161 1463 3205 tuere

264 3249 344 3312 ipsius
362 3278 371 3288 -
387 3248 492 3312 gladius
511 3287 517 3299 .
534 3285 541 3298 .
560 3262 575 3300 e
594 3253 662 3299 svare
679 3265 737 3299 vero
756 3251 864 3298 enimam
882 3253 1006 3298 consumet
1023 3250 1076 3298 etue
1093 3249 1213 3309 rumphea
1228 3243 1233 3309 Ι
1247 3247 1306 3295 dere
1323 3245 1465 3295 revelentur

264 3350 296 3385 m.
317 3353 339 3384 e.
359 3333 417 3396 (⁰⁸⁰
435 3340 460 3384 et
478 3335 656 3385 ree-elaberetur
674 3337 705 3385 de
727 3336 815 3385 meltis
835 3334 944 3397 sordid.)
964 3349 1017 3400 ουρ,
1042 3349 1100 3384 eum
1119 3323 1351 3398 ob⁸⁰ed1³¹germ
1371 3368 1378 3380 .
1397 3368 1404 3382 .
1425 3347 1462 3380 re·

264 3422 333 3485 liqui
356 3438 398 3471 om
423 3420 497 3483 (edpi
516 3426 578 3487 poet
602 3424 792 3473 contradicetur
815 3423 898 3472 hebet
922 3422 981 3485 ete).
1018 3422 1160 3472 Praeterea
1179 3433 1195 3470 a
1213 3420 1267 3470 edd
1285 3421 1323 3470 Et
1340 3421 1407 3468 dixit
1426 3419 1465 3467 Si·

265 3521 334 3557 meore
353 3509 444 3570 quippe
462 3509 547 3558 dorm.

336 3613 362 3659 2.
388 3611 730 3660 mentemmentdm
747 3629 805 3661 cum
815 3627 844 3671 c:
858 3614 922 3661 item
933 3624 967 3663 eu
983 3613 1078 3661 Diceret
1094 3611 1239 3661 didceedali
1254 3611 1305 3669 (ite
1321 3609 1399 3658 codd.
1410 3611 1467 3674 ple·

267 3695 389 3760 rumque)
404 3701 428 3746 et
438 3697 542 3746 Lwitoe
556 3733 563 3747 .
577 3734 584 3747 .
601 3687 734 3747 1>⁸¹’⁰edpr
746 3698 807 3747 edP'
821 3714 893 3763 germ
904 3714 946 3747 om
957 3699 1022 3748 heac
1033 3706 1061 3748 et
1075 3714 1158 3762 eoqq„
1174 3698 1329 3761 nequedum
1345 3697 1467 3759 sequitui·

267 3784 398 3833 Diceraet
410 3785 542 3845 principes
558 3786 715 3834 sacerdotum
733 3789 776 3834 ote
800 3786 887 3835 Venite
903 3788 1032 3834 mittamus
1044 3791 1087 3834 etc
1105 3788 1110 3846 Ι
1124 3785 1161 3832 Et
1174 3789 1201 3833 to
1217 3785 1278 3831 daec
1295 3800 1336 3846 qo.
1350 3797 1391 3831 no.
1406 3800 1464 3831 cum

269 3882 330 3919 c..
349 3881 385 3920 eu
403 3869 472 3919 Ecce
491 3869 518 3930 (a
537 3868 592 3931 om)
612 3886 692 3934 quom.
705 3872 756 3919 ieta
776 3870 804 3932 (e
823 3869 875 3930 om)
894 3871 983 3919 vidisti
1004 3874 1008 3929 Ι
1030 3872 1088 3921 Die.
1108 3870 1170 3919 Levi
1188 3885 1246 3918 enm
1266 3880 1300 3920 ,en
1321 3905 1350 3919 ..
1371 3881 1387 3919 c
1405 3868 1469 3917 Levi

268 3957 421 4020 respondit!
438 3957 580 4007 eNoecitie
598 3955 661 4019 (sic)
678 3957 682 4019 Ι
697 3958 796 4006 Dicent
813 3960 863 4019 ipsi
880 3959 911 4005 de
929 3974 998 4007 core.
1019 3958 1047 4019 (e
1065 3959 1140 4006 Dicit
1155 3956 1299 4019 conciliem)
1319 3973 1377 4005 cum
1391 3968 1425 4008 eu
1441 3991 1466 4006 ..

270 4054 285 4092 c
304 4046 329 4090 et
346 4043 429 4090 dixer.
444 4043 537 4090 Iudaei
556 4045 560 4099 Ι
580 4043 666 4091 cidere
685 4077 713 4093 ..
735 4045 833 4093 croire
853 4044 857 4107 Ι
878 4045 1019 4092 exeerutoti
1037 4043 1064 4101 (u
1083 4043 1175 4103 ece-ut.)
1193 4048 1251 4091 nent
1270 4057 1328 4090 eum
1348 4055 1381 4092 cu
1400 4078 1406 4093 .
1423 4079 1430 4093 .
1450 4057 1465 4094 e

269 4132 481 4178 exterritooerurt
496 4127 501 4191 Ι
516 4124 668 4186 didicererat,
687 4145 715 4176 eo
733 4130 831 4178 dicente
850 4146 907 4178 euin
927 4142 984 4178 1³..
1004 4144 1021 4179 a
1039 4130 1116 4177 iiidie
1130 4130 1162 4176 ad
1179 4145 1216 4177 eo.
1255 4129 1292 4176 Et
1309 4129 1376 4177 elicit
1390 4134 1469 4192 poter

270 4215 325 4261 eiue
336 4213 371 4260 ad
383 4229 425 4261 eor
439 4248 445 4260 .
459 4247 465 4261 .
482 4225 497 4261 c
511 4214 563 4261 iate
576 4217 604 4261 et
616 4228 692 4275 seqq.
707 4215 911 4276 comprebonbit
924 4214 979 4261 iiie:
998 4215 1078 4262 didio.
1093 4215 1124 4260 ab
1136 4217 1191 4277 ipeo
1210 4214 1276 4261 illud
1289 4216 1353 4276 quod
1365 4215 1467 4262 ‹dienet

271 4296 342 4350 tilius
363 4297 367 4353 Ι
389 4296 536 4343 credidistis
559 4311 617 4343 oum
636 4308 653 4345 u
673 4331 702 4346 ..
723 4313 739 4346 e
758 4298 863 4345 creditis
880 4297 885 4359 1
908 4299 1040 4345 uBeotue
1059 4297 1157 4346 Simeon
1176 4299 1256 4346 irretire
1276 4296 1281 4360 Ι
1301 4314 1381 4348 eerrm
1401 4333 1430 4349 ..
1451 4315 1466 4348 A

271 4381 324 4430 edd
343 4386 401 4429 terre
416 4378 420 4444 Ι
436 4381 528 4439 Diaer.
547 4381 577 4437 (e
595 4380 647 4430 edd
666 4382 735 4444 ergo)
751 4383 884 4446 principes
901 4413 910 4422 -
930 4384 964 4431 ael
981 4385 1105 4447 semetipe.
1124 4383 1152 4445 (c
1170 4385 1310 4433 Praetereo
1324 4389 1407 4446 princ.
1426 4401 1467 4433 eo·

273 4470 341 4518 eerd.
356 4473 381 4517 et
400 4473 478 4517 totum
497 4467 630 4517 concilium
648 4470 731 4518 dicer.
746 4470 780 4519 ad
798 4470 860 4533 een.)
884 4470 972 4520 Venite
992 4471 1020 4532 (n
1034 4487 1091 4532 om:
1110 4472 1191 4523 redd
1209 4471 1245 4534 et)
1263 4474 1391 4522 irruemus
1409 4488 1466 4522 curu

272 4569 324 4608 mc
344 4593 350 4606 .
367 4591 374 4606 .
393 4543 456 4606 „ese
475 4554 536 4605 ees*
556 4555 625 4605 noe
644 4556 718 4620 (seer
729 4557 783 4620 om)
801 4559 884 4609 seer.
903 4557 960 4621 (oe⁰
978 4559 1031 4608 aee
1049 4575 1132 4609 emm
1149 4560 1240 4609 risaei
1256 4560 1391 4609 merome
1405 4559 1409 4624 ι
1425 4560 1469 4624 po·

273 4644 320 4693 berc
343 4646 463 4694 venerunt
486 4673 495 4682 -
519 4647 543 4693 et
562 4641 590 4704 (e
610 4643 663 4693 edd
681 4643 722 4708 de)
746 4661 796 4694 reae.
814 4646 875 4704 eice,
894 4649 918 4694 et
942 4644 970 4708 (n
989 4646 1028 4709 ut)
1050 4648 1139 4697 diceet
1161 4678 1170 4688 -
1195 4648 1221 4696 ie
1239 4648 1333 4698 eoelum
1355 4663 1413 4699 cnm
1433 4659 1468 4700 eu
