3458 5640
727 604 998 656 lucernorum.
1402 618 1465 665 LXI
1520 652 1524 660 .

264 755 380 838 Pilati,
401 756 422 821 i.
441 777 467 821 e.
490 760 528 821 ut
549 755 716 820 Iustinum
739 755 843 837 neque
866 774 905 819 ec
926 753 1016 836 ipsos
1038 756 1172 818 nostros
1195 749 1324 818 codices
1347 771 1463 834 sequu-

265 890 351 952 mur‚
382 868 427 931 ιὰ
455 871 516 931 &uri
545 870 691 952 lloprioo
719 865 871 931 Πιλάτου
898 864 1070 951 γεμόμεμα
1098 867 1199 941 dura,
1231 863 1320 948 quod
1343 883 1462 930 nomen

265 981 404 1050 Graecis
427 980 622 1060 celebratur,
643 1000 780 1063 prorsus
801 1000 867 1044 non
885 977 1029 1062 pendere
1044 999 1065 1043 a
1079 976 1279 1044 testimoniis
1295 976 1334 1042 de
1349 997 1463 1057 „even-

265 1094 350 1177 gelio
372 1092 576 1173 Nicodemi“,
598 1093 665 1157 inm
688 1092 769 1157 setis
792 1112 956 1175 superque
979 1091 1105 1156 clerum
1128 1111 1199 1156 esse
1222 1088 1383 1156 existimo.

350 1230 404 1296 De
427 1231 545 1295 ceteris
567 1229 644 1296 libri
668 1230 773 1294 nostri
796 1229 984 1295 nominibus
1007 1251 1108 1292 unum
1130 1227 1280 1311 inprimis
1303 1246 1463 1292 memora-

267 1341 330 1406 bile
353 1345 412 1422 est‚
435 1363 501 1423 quo
525 1344 560 1405 et
581 1341 653 1423 ipso
676 1340 837 1422 probatur
859 1339 1006 1420 antiquis
1030 1338 1189 1421 evangelii
1206 1335 1380 1403 Nicodemi
1396 1356 1463 1401 non

266 1450 384 1516 librum
413 1451 470 1515 sod
498 1472 618 1517 nomen
645 1450 794 1533 ignotum
822 1449 932 1514 fuisse.
977 1448 1018 1513 in
1043 1448 1208 1516 Vaticano
1236 1447 1322 1513 enim
1351 1446 1463 1513 codice

267 1583 338 1628 meo
363 1562 397 1642 (i.
414 1584 440 1626 e.
456 1568 491 1644 A)
516 1562 605 1627 etin
631 1560 809 1626 Purisiensi
833 1562 927 1625 3338.
951 1558 1174 1642 „evangelium
1195 1557 1463 1624 Νιιιιιιιιθοιιιιιιιι

268 1672 403 1758 dicitur,
429 1680 506 1758 ¹quo
537 1672 671 1739 nomine
702 1673 802 1738 etiarn
833 1671 920 1756 apud
951 1670 1165 1738 Vincentium
1195 1669 1463 1736 Bellovucensem

267 1786 366 1852 semel
390 1786 438 1867 (in
461 1785 599 1870 prologo
622 1785 664 1851 ad
688 1784 864 1870 Speculum
886 1784 1052 1867 naturale)
1077 1783 1269 1868 insignitum
1297 1782 1463 1849 similiter·

266 1919 328 1981 que
354 1899 389 1962 in
413 1897 596 1965 Oxoniensi
622 1898 734 1965 codice
767 1902 831 1980 est,
860 1920 898 1962 ex
926 1897 1111 1963 recentiore
1139 1900 1177 1961 ut
1203 1895 1333 1961 videtur
1356 1916 1463 1961 emen·

267 2008 413 2090 (latione,
449 2009 676 2093 „evangelium
712 2007 960 2073 Nazaraeorum
999 2008 1177 2073 secundum
1214 2006 1463 2072 Nicodemum“.

267 2118 344 2185 Hoc
372 2120 484 2185 nescio
516 2142 557 2185 an
589 2120 664 2186 inde
696 2121 856 2204 originem
889 2121 1031 2185 traxerit
1057 2119 1146 2204 quod
1174 2119 1315 2183 Latinus
1343 2117 1463 2201 aliquis

267 2230 347 2298 illud
369 2230 614 2298 Nazaraeorum
644 2233 863 2316 evangelium,
893 2231 980 2315 quod
1003 2231 1228 2317 Hieronymus
1257 2252 1296 2296 ex
1320 2230 1462 2296 hebraeo

265 2343 299 2409 in
320 2343 460 2410 latinum
483 2366 504 2410 a
525 2365 559 2410 se
582 2343 782 2410 translatum
802 2336 892 2426 uicit,
915 2329 1042 2428 pridem
1066 2343 1282 2428 deperditum,
1303 2342 1355 2407 his
1377 2362 1463 2408 oom-

265 2457 445 2540 mentcriis,
467 2478 607 2540 quorum
631 2457 773 2524 sortasse
796 2457 965 2541 exemplar
986 2457 1077 2523 nullu
1099 2455 1304 2540 praefatione
1327 2458 1461 2518 suctum

264 2569 298 2636 in
320 2570 471 2636 monibus
493 2571 645 2652 haberet,
667 2570 809 2637 feliciter
832 2570 995 2637 invenisse
1018 2569 1080 2636 sibi
1102 2570 1191 2634 visus
1214 2568 1258 2634 sit
1280 2565 1461 2633 inventum·

264 2703 327 2765 que
348 2682 421 2766 ipso
445 2683 543 2749 titulo
567 2683 816 2767 exprimendum
838 2683 1012 2750 censuerit.

348 2820 438 2886 Illud
461 2843 538 2888 rero
563 2821 697 2888 difficile
719 2822 810 2888 dictu
833 2827 885 2888 est
904 2820 1035 2904 quando
1060 2825 1094 2886 et
1115 2842 1135 2885 a
1153 2841 1297 2903 quonam
1318 2819 1459 2902 primurn

264 2932 347 2998 liber
370 2938 484 3000 noster
506 2933 633 3001 duabus
656 2934 807 3019 partibus
834 2935 869 3000 in
896 2956 996 3001 unum
1024 2932 1208 2999 coniunctis
1237 2932 1282 2998 sit
1309 2930 1460 2997 emissus:

263 3044 351 3127 quod
384 3044 521 3112 editoris
553 3046 736 3130 exemplum
764 3051 882 3131 postca
908 3045 1075 3113 nonnullis
1103 3066 1204 3128 quum
1232 3044 1359 3128 graecis
1390 3048 1460 3108 tum

264 3154 376 3220 latinis
408 3156 547 3241 aliisque
579 3179 683 3243 usque
715 3158 798 3224 adeo
829 3158 955 3242 placuit
984 3163 1024 3222 ut
1053 3160 1250 3240 repeterent.
1299 3155 1355 3222 Ad
1387 3177 1460 3221 euru

264 3267 396 3349 quidem
412 3269 468 3350 qui
491 3268 576 3336 libro
595 3270 769 3354 prologum
784 3269 938 3353 praefixit
956 3268 989 3334 id
1012 3291 1077 3333 non
1098 3268 1306 3334 referendum
1321 3267 1461 3350 videtur,

264 3379 422 3460 quoniam
444 3379 491 3444 nil
513 3381 582 3445 eius
606 3365 655 3446 rei
677 3381 876 3464 significavit
897 3381 931 3445 in
954 3380 1093 3462 prologo
1117 3401 1186 3458 suo,
1212 3378 1363 3444 etmulti
1386 3400 1459 3443 curn

263 3488 400 3573 prologo
434 3490 563 3556 codices
593 3491 757 3556 liabentur
788 3492 912 3574 absque
940 3490 1081 3555 historia
1107 3490 1251 3555 filiorum
1279 3489 1460 3574 Symeonis.

262 3597 395 3665 Primus
423 3601 556 3686 quidem
587 3603 781 3670 coniunctas
812 3608 924 3687 partes
955 3602 1078 3668 latinus
1110 3587 1212 3668 culex
1240 3601 1459 3668 Einsidlensis

262 3702 419 3794 testatur,
447 3736 544 3797 quem
572 3716 702 3782 saeculo
726 3716 852 3783 decimo
880 3717 1025 3800 priorem
1054 3716 1253 3782 existimant.
1298 3715 1383 3781 Sunt
1404 3737 1460 3780 cu·

263 3830 343 3908 tem,
372 3831 410 3890 nt
436 3826 555 3910 liquet,
584 3849 659 3893 eum
687 3828 720 3893 in
748 3829 846 3894 linem
870 3830 1065 3895 coniunctae
1088 3833 1126 3893 ut
1147 3828 1344 3912 gravitatem
1366 3826 1458 3891 testi-

262 4088 371 4153 scripiit
388 4090 531 4154 Resurgent
549 4096 632 4140 autem
648 4092 763 4141 corninus
781 4108 831 4162 por¹
847 4093 1020 4157 quadraginta
1037 4093 1092 4142 dios
1110 4109 1165 4142 oum
1181 4092 1317 4156 discipulis
1333 4091 1365 4140 cle
1381 4107 1458 4155 regno

261 4170 304 4221 don·
324 4172 473 4235 disputan,
500 4174 642 4223 videntibus
663 4174 718 4224 illio
735 4174 762 4223 iu
780 4176 842 4224 nubs
860 4179 989 4239 susceptu
1006 4181 1152 4241 evectusque
1168 4177 1196 4224 in
1213 4174 1297 4225 coeloe
1313 4174 1348 4223 aul
1369 4177 1459 4236 patrie
1541 4187 1547 4222 ;

261 4259 392 4309 mam
408 4261 503 4311 recidet
518 4262 656 4326 gloriosus.
694 4263 798 4312 Pilatus
820 4267 903 4313 autem
924 4264 1004 4313 Gesta
1025 4264 1060 4313 od
1080 4263 1206 4314 liborium
1225 4263 1357 4312 Curarem
1379 4262 1459 4312 mittit

262 4351 286 4397 et
304 4350 329 4398 ei
345 4353 397 4398 tum
415 4350 446 4399 tle
463 4352 598 4401 virtutibus
616 4352 710 4402 Christi
728 4368 801 4417 quarn
819 4353 851 4401 de
866 4355 985 4417 porcione
1002 4353 1043 4403 nel
1060 4353 1245 4403 resurrectione
1262 4352 1316 4401 citu
1333 4350 1455 4401 insinuat.

265 4436 336 4498 Quae
357 4439 436 4487 Gesta
457 4440 526 4504 apud
545 4456 592 4490 nos
609 4439 681 4488 nodie
699 4441 841 4489 retinentur
857 4441 964 4503 ecripto.
1000 4440 1110 4490 bibrum
1129 4456 1144 4490 ιι
1163 4439 1290 4505 Gregorio
1309 4438 1455 4489 Turonensi

264 4523 305 4574 hir
323 4523 426 4574 duobus
449 4526 516 4576 locis
540 4526 690 4576 adhibitum
712 4542 766 4576 non
786 4527 869 4577 suisne
889 4527 971 4578 Gesta
990 4528 1071 4578 Pilati
1091 4542 1158 4592 quae
1178 4527 1322 4577 etiamnum
1341 4521 1394 4589 ipsi
1412 4525 1456 4575 bn·

264 4609 386 4669 beamus,
411 4627 442 4660 ex
466 4611 499 4661 iis
523 4613 614 4676 pineis
634 4629 700 4677 quoe
725 4613 795 4678 apud
817 4613 892 4663 illum
912 4614 1040 4664 differunt
1058 4632 1073 4665 ι
1092 4614 1212 4664 textibus
1231 4613 1330 4663 nostris
1349 4612 1456 4662 minime

264 4695 387 4745 concludi
406 4695 530 4748 debebit.
