3458 5640
263 576 326 640 834
724 575 833 626 onere
851 576 977 627 r1nsn1.

265 725 403 789 domino
425 730 543 789 nostro
560 721 643 787 Iesu
662 720 812 787 Ohristo.
848 722 924 806 Ego
945 723 1054 807 igitur
1069 725 1104 789 in
1126 724 1279 809 linguam
1300 745 1468 808 graecam

266 827 430 906 converti,
442 824 670 908 regnantibus
682 823 828 889 excelsis
840 823 1049 908 Theodosio,
1066 847 1155 894 anno
1167 826 1467 912 decimoseptimo

264 930 318 994 sui
340 926 542 994 consulatus
566 931 601 991 et
617 926 739 1010 quinto
756 925 1013 1011 Valentiniani,
1036 927 1225 995 indictione
1242 950 1343 996 nona.
1376 926 1468 1014 Qui·

266 1052 412 1116 cumque
424 1031 541 1116 legitis
552 1029 645 1095 hunc
656 1029 783 1095 librum
801 1030 932 1096 ethaeo
943 1026 1141 1098 transfertis
1158 1033 1193 1098 in
1204 1033 1311 1099 alium
1320 1033 1465 1116 librum,

264 1135 487 1200 recordantes
513 1134 580 1199 mei
606 1140 703 1198 orate
727 1153 788 1216 pro
813 1154 866 1198 me
887 1132 1004 1199 Aonia
1024 1135 1179 1217 minimo,
1204 1140 1244 1200 ut
1264 1136 1348 1201 deus
1374 1136 1464 1201 mihi

265 1239 463 1304 misericors
485 1239 531 1302 sit
546 1236 701 1320 mihique
718 1236 874 1301 remittat
891 1244 1035 1320 peccata
1051 1259 1139 1321 quae
1161 1239 1196 1303 in
1220 1259 1296 1303 enm
1315 1239 1463 1322 patrari.

216 1365 219 1371 ·
263 1340 337 1405 Pax
358 1340 405 1405 sit
426 1339 554 1422 eisqui
574 1338 661 1404 haec
682 1337 802 1422 legent
823 1340 1043 1424 eorum[que]
1067 1339 1209 1405 familiis
1229 1341 1400 1406 universis
1420 1343 1462 1405 in

265 1440 430 1506 seculum.
461 1438 587 1505 Amen.

758 1550 969 1560 *-

266 1707 336 1756 edito
348 1722 365 1755 a
376 1705 516 1755 venerabili
528 1705 689 1763 Niotuodemc,
702 1721 776 1770 qnam
787 1706 883 1755 incenit
897 1705 1048 1756 Pbeodosius
1057 1706 1170 1771 Mopsus
1180 1707 1319 1771 imperator
1329 1707 1355 1756 in
1366 1706 1463 1757 dieru-

262 1792 341 1843 sclem
353 1793 381 1842 in
389 1793 506 1858 pretorio
518 1792 606 1843 Pontii
616 1792 706 1859 Pytati
721 1793 748 1842 in
761 1793 889 1844 codicibus
896 1792 1014 1857 publicis.
1039 1791 1103 1844 (lod.
1117 1792 1199 1844 Paris.
1212 1794 1294 1844 bbb'i:
1313 1792 1416 1845 Relatio
1427 1795 1464 1844 sle

251 1880 382 1952 ¹passione
398 1878 493 1929 domim
508 1883 534 1929 ct
549 1877 648 1928 actibus
658 1877 819 1930 Indaeorum.
843 1879 935 1930 Editio
948 1881 1053 1930 Veneta
1069 1881 1227 1930 enni1622=
1251 1878 1419 1943 bencelinus·
1437 1880 1463 1929 b.

264 1965 395 2014 Nicodemi
406 1965 437 2013 do
445 1964 565 2029 passione
576 1963 670 2013 Obrirti
680 1980 712 2013 oc
720 1964 879 2014 decoratione
891 1966 944 2014 eius
956 1965 990 2013 ad
1002 1965 1099 2030 inseror
1108 2000 1132 2014 ..
1150 1978 1165 2015 c
1179 1980 1233 2015 non
1246 1966 1329 2015 hebet
1341 1966 1463 2026 titulum,

264 2065 314 2099 neo
327 2050 397 2100 Flos.

332 2134 510 2199 Prolcgnm
529 2136 609 2185 istum
623 2151 654 2185 es
667 2133 753 2199 Copto
767 2136 914 2198 interprete
927 2135 1022 2192 sumni,
1044 2134 1086 2183 oni
1100 2133 1282 2198 posthabendi
1293 2139 1359 2183 sunt
1369 2131 1464 2184 herini

265 2219 324 2269 cdd.
338 2221 432 2269 nostri.
457 2219 555 2270 Temen
573 2236 633 2285 spes
651 2225 693 2271 est
709 2221 820 2271 meliore
837 2219 983 2284 aliqnando
1003 2219 1142 2283 proditore
1159 2233 1217 2269 eene
1235 2234 1267 2268 ex
1279 2219 1353 2269 sotiis
1366 2220 1462 2283 pnlim·

264 2306 363 2369 psentia
376 2305 639 2365 vindobonensibus,
652 2307 686 2357 dc
699 2307 795 2371 quibus
807 2306 869 2356 vide
882 2309 951 2370 post.

252 2436 258 2446 .
333 2391 396 2442 eos.
414 2392 499 2442 Puris.
513 2394 587 2443 1652.
606 2395 659 2444 sic:
684 2394 742 2459 Epo
760 2393 859 2442 Ernaus
876 2391 1009 2441 Hebraeus
1025 2392 1069 2456 qui
1086 2405 1156 2440 mam
1172 2389 1235 2455 lepis
1250 2392 1340 2442 doctor
1357 2392 1389 2441 de
1407 2391 1462 2442 He·

264 2479 354 2539 bracia
367 2481 394 2528 in
403 2479 643 2544 diciniesoripturis
649 2484 824 2544 perscrutans,
837 2479 986 2528 divinitates
998 2477 1061 2542 lepis
1073 2477 1260 2542 scripturarum
1271 2477 1365 2528 domim
1376 2480 1463 2528 nostri

264 2567 322 2616 Iesu
335 2566 430 2615 Christi
441 2566 469 2614 in
479 2566 538 2632 fido
546 2582 723 2631 praesumens,
740 2567 831 2631 dipnus
843 2564 1002 2631 (dipnctust)
1018 2565 1088 2614 socri
1100 2564 1259 2626 baptismatis
1269 2566 1347 2629 atque
1354 2565 1462 2628 perperi-

264 2667 323 2702 rens
335 2669 398 2717 puae
407 2658 482 2716 pecta
493 2657 552 2702 sunt
561 2668 609 2716 per
623 2653 690 2702 illud
703 2658 810 2715 tompus,
825 2653 891 2716 quod
903 2651 1008 2715 (quaet)
1021 2654 1193 2714 apposuerunt
1203 2650 1296 2699 Iudaei
1310 2649 1355 2699 rub
1366 2650 1462 2700 Pontio

266 2737 354 2787 Pilato
362 2738 493 2800 praesim,
505 2740 567 2786 baec
579 2740 705 2787 invenimus
714 2744 788 2802 pecto
800 2742 825 2786 et
838 2736 910 2798 (dole
917 2736 941 2798 t)
954 2736 1050 2785 litteris
1061 2734 1176 2783 mereris
1184 2736 1329 2799 conscripta
1340 2752 1357 2784 o
1366 2735 1462 2785 Nialia·

268 2823 347 2879 riemc,
361 2839 424 2886 peuce
437 2839 481 2886 epo
493 2824 678 2886 interpretatus
690 2824 786 2873 litteris
795 2823 897 2886 praecis
909 2823 944 2870 ad
957 2822 1121 2884 capnitionem
1133 2820 1239 2869 omniurn
1250 2821 1356 2870 neminis
1367 2821 1464 2870 mnes

266 2907 349 2955 nostri
365 2907 424 2957 Iesu
441 2907 536 2956 Obristi
553 2906 633 2969 (sdde
652 2907 816 2968 cultorumi),
833 2907 877 2956 sub
895 2907 1000 2970 imperio
1018 2904 1105 2954 Flscii
1125 2904 1272 2961 madoci,
1289 2919 1356 2954 anno
1366 2904 1463 2954 decim

267 2996 364 3049 octavo,
376 2996 401 3041 et
417 2991 596 3042 Valentiniano
608 2996 732 3057 Aupusto.
759 2993 849 3041 Omnes
863 2993 927 3041 enim
941 2989 1062 3053 (antemi)
1076 2990 1119 3054 qui
1131 2989 1218 3052 lepitir
1234 2992 1259 3038 et
1271 2991 1423 3057 transfertis
1434 2991 1462 3039 in

267 3077 330 3127 cliir
342 3077 469 3126 codicibus
478 3080 579 3142 praecis
590 3095 633 3128 reu
646 3079 743 3136 latinis,
758 3095 802 3128 oro
815 3083 843 3127 ut
855 3078 992 3141 dipnemini
1004 3076 1160 3126 intercedere
1168 3090 1219 3137 pro
1230 3090 1268 3123 me
1276 3079 1421 3137 peccatore,
1433 3081 1464 3126 ut

264 3164 394 3229 propitius
410 3165 472 3214 miii
480 3165 535 3229 flat
548 3164 627 3227 (adde
640 3166 725 3228 deust)
744 3166 891 3215 etdimittat
907 3165 991 3213 munio
999 3167 1108 3226 peccato
1126 3163 1152 3210 in
1164 3161 1252 3227 quibus
1267 3163 1379 3225 peccori.
1404 3163 1463 3212 Por

267 3252 369 3300 sitista
387 3250 538 3314 tepentibus,
557 3252 657 3300 sanitas
672 3251 839 3300 audientibus.
867 3250 988 3314 Explicit
1000 3249 1141 3314 praefatio.
1166 3249 1204 3297 Ex
1223 3248 1375 3298 Vindobon.
1393 3248 1463 3298 libro

269 3338 444 3401 palimpsesto
463 3338 529 3388 hooc
547 3337 673 3402 exscripsi
688 3364 696 3374 -
710 3362 741 3374 -·
758 3339 785 3386 in
794 3338 851 3403 fide
862 3337 1005 3398 procedens
1025 3340 1049 3384 et
1065 3336 1186 3397 dipnotus
1203 3334 1363 3396 baptismatis
1379 3336 1463 3384 sancti

269 3428 397 3473 scrutatus
414 3440 466 3472 sum
485 3449 493 3460 ·
508 3451 516 3460 ·
535 3429 595 3473 coto
610 3429 669 3474 sunt
681 3440 730 3488 per
743 3428 838 3488 empus
849 3423 915 3472 illud
928 3438 976 3486 quo
992 3426 1017 3471 et
1034 3437 1047 3470 o
1060 3420 1137 3485 (quoe
1149 3418 1243 3482 appot)
1255 3427 1266 3475 ΙΙ
1279 3425 1383 3470 suerunt
1393 3421 1464 3470 iudei

269 3508 313 3558 sub
329 3510 417 3572 pontio
432 3509 518 3573 pilato
534 3512 597 3559 baec
612 3512 739 3560 inveniens
752 3516 826 3574 pecta
845 3509 940 3559 litteris
957 3509 1054 3557 oebreis
1067 3508 1208 3557 comoribtc
1221 3533 1229 3542 -
1243 3532 1274 3544 ··
1292 3515 1304 3563 lt
1321 3509 1364 3572 qui
1376 3512 1460 3557 mane·

212 3642 216 3654 ,
263 3595 357 3660 seritis
371 3595 398 3642 in
411 3595 472 3644 aliis
484 3596 611 3645 codicibus
622 3613 665 3645 seu
683 3598 710 3645 in
719 3598 804 3660 precis
815 3596 855 3645 cel
867 3596 957 3644 latinis
967 3595 1132 3644 recordantes
1142 3595 1192 3643 mei
1207 3598 1280 3643 orate
1295 3599 1324 3643 ut
1332 3595 1463 3658 propitius

269 3680 330 3730 miii
339 3664 436 3746 flatds
453 3686 478 3731 ct
496 3683 524 3730 di
539 3689 550 3737 11
566 3683 652 3732 mittat
661 3687 769 3746 peccota
780 3698 835 3731 meo
848 3699 911 3746 puco
919 3681 1025 3746 peccabi
1042 3681 1069 3728 in
1081 3680 1169 3742 ipsum.
1189 3695 1244 3741 pao
1257 3678 1395 3742 tepentibus
1406 3695 1462 3728 cum

270 3765 350 3830 (eddo
367 3771 392 3815 et
403 3765 470 3828 bist)
489 3768 532 3831 qui
549 3769 657 3817 audiunt
671 3784 702 3817 eo
714 3793 723 3804 ·
737 3793 745 3804 ·
759 3803 765 3817 .
780 3803 786 3816 .
805 3782 822 3816 n
834 3769 966 3825 Audistis,
975 3769 1081 3831 fratres
1096 3765 1268 3823 dilectissimi,
1283 3779 1333 3826 per
1347 3769 1462 3815 sanctum

269 3851 424 3915 occupelium
436 3868 500 3916 quae
512 3857 572 3900 cota
583 3857 641 3901 eunt
653 3853 696 3902 sub
707 3854 800 3903 Pontio
812 3852 901 3903 Pilato
914 3853 1036 3915 praeside
1052 3853 1078 3899 in
1092 3853 1190 3900 Iudaeo
1202 3850 1353 3913 ternporibus
1366 3850 1462 3898 liberii

271 3937 388 3985 Caesaris
406 3938 437 3986 de
455 3939 553 3987 domino
569 3943 657 3989 nostro
673 3940 732 3989 Iesu
751 3940 858 3989 Christo.
896 3939 1063 3988 Veruntamen
1081 3954 1135 3986 oum
1152 3938 1186 3986 rit
1202 3937 1282 3986 solius
1296 3938 1338 3985 dci
1354 3938 1462 3986 omnium

269 4023 412 4070 memoriam
425 4019 565 4088 [haberc],
583 4041 633 4074 non
645 4031 683 4074 est
694 4027 774 4088 iyitur
784 4026 926 4074 mirandem
944 4025 967 4072 ri
982 4041 999 4072 c
1011 4025 1107 4072 sanctis
1115 4022 1277 4085 ercnpelistie
1288 4021 1462 4086 atiquosaota

270 4111 296 4155 et
307 4108 378 4154 diota
389 4108 416 4154 in
429 4108 523 4156 domini
531 4111 649 4170 passione
658 4111 842 4171 praetermisso
853 4113 924 4166 munt,
942 4124 1005 4171 quoe
1017 4108 1049 4155 ob
1061 4109 1098 4156 eis
1110 4107 1202 4155 oblivio
1214 4107 1371 4156 describendi
1381 4124 1461 4156 remo·

270 4192 315 4247 rit,
328 4192 476 4253 etsorsitan
488 4208 583 4255 quoqne
594 4195 716 4242 sermonis
723 4192 872 4254 proliritas,
884 4198 914 4242 ut
923 4176 964 4240 ait
976 4192 1063 4240 beatus
1073 4191 1230 4254 scanpelistc
1242 4192 1367 4240 Ictannos
1379 4194 1406 4241 in
1416 4210 1462 4241 suo

269 4277 399 4338 econpelic
416 4278 453 4325 ric
471 4279 568 4326 dicens.-
593 4279 680 4328 Multa
698 4279 754 4328 alic
762 4280 832 4343 serit
850 4279 922 4326 Iocus
940 4294 1004 4341 quoe
1019 4294 1070 4326 non
1085 4281 1143 4326 eunt
1159 4277 1257 4337 scripto
1273 4278 1300 4325 in
1318 4277 1383 4326 libro
1400 4279 1463 4325 loc:

269 4377 333 4423 quoe
350 4358 400 4424 [si]
419 4363 519 4425 scripta
535 4369 629 4421 errent,
647 4365 761 4414 arbitror
778 4369 855 4414 totum
873 4381 921 4412 nen
936 4379 1011 4426 porse
1029 4378 1120 4426 capere
1137 4362 1260 4411 mundum.
1290 4362 1363 4411 Haec
1379 4366 1464 4411 cutem

269 4448 369 4510 scripta
387 4454 446 4497 sunt
463 4454 509 4497 etc.
528 4451 569 4499 Ab
588 4451 650 4501 aliis
666 4452 842 4509 nihilominus,
859 4455 945 4513 utpote
964 4467 980 4498 a
993 4450 1128 4498 Nicodomo
1144 4450 1261 4498 iudaicae
1275 4448 1339 4512 lepis
1350 4448 1464 4505 doctore,

269 4535 366 4584 occulto
381 4536 476 4584 Christi
487 4538 621 4602 discipulo,
640 4539 741 4603 reliquo
753 4539 839 4587 ceroci
850 4543 909 4587 sunt
926 4537 987 4586 stilo
999 4537 1137 4598 descripto,
1157 4535 1244 4599 quibus
1256 4534 1371 4599 (quibust
1387 4535 1465 4599 quial

269 4623 338 4686 quit)
351 4622 463 4671 erunibus
474 4623 600 4688 interfuit.
628 4625 790 4689 Quapropter
808 4640 873 4673 nuno
890 4623 995 4687 equirius
1014 4621 1076 4686 (sio)
1088 4638 1132 4686 epo
1145 4622 1234 4672 Eneac
1246 4620 1392 4679 Hebraeus,
1405 4622 1464 4683 pri·

268 4725 322 4758 mus
339 4707 403 4771 lepis
419 4709 523 4768 doctor,
540 4714 709 4774 perscrutans
725 4711 883 4760 divinitatem
898 4709 961 4772 lepis
981 4713 1006 4758 et
1021 4709 1175 4773 scripturam
1192 4708 1287 4757 domini
1303 4708 1386 4756 nostri
1405 4708 1463 4756 lesu
