3458 5640
260 564 320 627 136
375 539 378 543 ’
500 559 667 612 nusronm
686 558 840 612 rossum.
868 558 944 609 cur.
962 560 1071 612 xxvu.
1090 561 1214 612 xxvur.

260 716 444 801 sexaginta
465 718 501 780 et
517 719 664 779 centum.
699 711 748 777 Et
764 712 973 797 quicumque
995 711 1178 779 historiam
1193 713 1283 779 vitae
1299 716 1380 777 tuac
1399 710 1457 776 de·

261 820 452 907 scripserit,
468 817 598 885 laboris
615 818 666 883 tui
684 823 719 883 et
732 816 1231 912 migrationis-dehocmundo,
1248 837 1457 884 sermonem-

262 948 329 1014 que
352 925 466 1010 (huna)
490 944 547 991 ore
570 944 645 990 meo
662 924 851 1007 prolatum,
872 922 971 988 illum
993 929 1073 990 tuae
1095 923 1226 991 tutelae
1243 923 1457 988 committam

262 1032 343 1097 dum
368 1033 404 1096 in
428 1030 492 1095 hac
517 1030 586 1093 vita
609 1027 813 1093 versabitur.
858 1025 1074 1093 Discedente
1100 1035 1216 1094 autem
1241 1029 1283 1095 de
1309 1047 1456 1111 corporo

261 1137 377 1202 anima
393 1133 478 1215 eius,
497 1138 532 1198 et
547 1132 607 1198 ubi
623 1132 679 1196 hic
696 1132 764 1215 ipsi
780 1131 931 1197 muudus
943 1133 1157 1200 deserendus
1174 1141 1238 1217 est,
1253 1134 1380 1200 librum
1398 1131 1457 1197 de-

260 1238 423 1303 lictorum
440 1237 514 1301 eius
535 1235 747 1317 comburam,
769 1254 834 1299 nec
855 1234 929 1301 ullo
947 1256 1024 1300 eum
1040 1238 1210 1321 torquebo
1228 1239 1400 1322 supplicio
1418 1238 1455 1302 in

262 1341 317 1407 die
334 1339 475 1419 iudicii;
498 1337 558 1403 sed
576 1338 729 1402 traiiciet
743 1358 836 1423 mare
853 1338 1008 1421 igneum,
1031 1347 1135 1423 atque
1153 1343 1227 1406 siue
1245 1341 1405 1406 molestia
1421 1346 1458 1404 ct

263 1442 382 1508 dolore
405 1440 493 1504 illud
514 1439 752 1524 pertransibit.
788 1438 867 1505 Hoc
883 1445 961 1526 (est)
979 1441 1072 1525 qnod
1092 1443 1262 1509 incumbit
1282 1443 1375 1507 omui
1396 1442 1456 1506 ho·

262 1545 346 1610 mini
366 1563 491 1627 egeno,
515 1543 575 1626 qui
591 1546 768 1625 praestare
786 1543 910 1627 nequit
926 1545 1113 1628 quicquum
1137 1566 1177 1611 ex
1195 1547 1244 1612 eis
1262 1566 1349 1630 quae
1367 1565 1457 1610 com-

262 1648 461 1716 memoravi:
483 1647 644 1712 nimirum
661 1646 690 1711 si
702 1646 859 1711 nascitur
877 1647 944 1732 ipsi
962 1647 1066 1733 filius,
1083 1650 1221 1716 vocabit
1237 1670 1361 1716 nomeu
1379 1648 1456 1714 eius

262 1753 461 1838 Iosepbum.
499 1749 558 1818 Sic
578 1750 693 1818 locum
713 1772 783 1816 non
806 1750 951 1818 habebit
970 1754 1007 1818 iu
1030 1754 1093 1819 illa
1113 1754 1213 1822 domo
1234 1755 1286 1821 vel
1307 1753 1458 1840 penuria

262 1858 317 1926 vel
333 1857 517 1942 repentina
532 1856 651 1940 aliqua
665 1877 757 1922 mors
772 1855 810 1921 in
826 1859 1086 1941 sempiternum.

707 2093 828 2164 Garun
849 2096 1009 2167 XXVII.

350 2253 597 2321 Convenerunt
607 2251 773 2336 deinceps
790 2256 975 2337 optimates
992 2254 1089 2320 urbis
1105 2256 1142 2321 in
1158 2255 1272 2320 locum
1290 2254 1350 2319 ubi
1366 2256 1459 2339 posi-

262 2367 335 2427 tum
358 2364 433 2424 erat
449 2377 574 2440 corpus
591 2356 685 2421 senis
705 2355 882 2423 benedicti
901 2358 1059 2444 Iosephi,
1082 2366 1118 2426 et
1137 2359 1322 2425 afferentes
1339 2381 1459 2424 secum

263 2464 413 2531 amicula
432 2461 557 2528 foralia
571 2458 757 2526 voluerunt
775 2459 864 2527 illud
882 2464 956 2550 (eie)
977 2464 1150 2530 involvere
1168 2463 1360 2530 secundum
1379 2485 1460 2531 cou-

264 2567 485 2636 suetudinem
503 2587 571 2650 qua
590 2586 796 2650 componere
814 2566 930 2634 solent
945 2568 1134 2654 (cadavera)
1150 2567 1285 2634 Iudaei.
1313 2565 1384 2634 Sed
1401 2568 1460 2634 dc-

262 2672 525 2759 prehonderuut
547 2692 624 2736 erim
642 2670 825 2737 sindonem
848 2694 945 2739 suam
961 2674 1074 2760 (quasi
1090 2673 1303 2758 adstrictam)
1320 2678 1457 2739 tenere:

263 2782 317 2844 ita'
329 2779 420 2843 cuim
437 2776 499 2841 illa
510 2777 647 2859 corpori
664 2777 739 2839 eius
756 2775 926 2858 adhaesit,
944 2785 983 2843 ut
999 2778 1222 2861 cupientibus
1240 2798 1315 2842 eam
1331 2798 1459 2843 exuere

263 2881 405 2947 inventu
429 2882 476 2946 sit
498 2880 610 2943 instar
634 2878 717 2943 ferri
744 2879 931 2944 immobilis
962 2886 997 2946 et
1021 2879 1288 2945 indissolubilis.
1332 2879 1459 2964 Neque

263 2985 354 3049 ullas
373 2986 409 3048 iu
421 2982 568 3050 sindone
587 2981 650 3046 illa
665 2983 819 3065 reperire
830 2990 1023 3066 potueruut
1040 2985 1285 3065 extremitates,
1303 3005 1392 3066 quae
1403 3005 1460 3049 res

264 3087 445 3154 maximam
462 3086 548 3171 ipsis
566 3085 831 3151 admirationem
847 3087 978 3152 iniecit.
1003 3086 1158 3152 Tandem
1170 3086 1372 3152 extulerunt
1382 3108 1461 3152 erum

265 3191 309 3257 ad
329 3189 444 3256 locum
468 3189 529 3254 ubi
551 3189 619 3253 sita
641 3194 715 3254 erat
735 3189 918 3272 spelunca,
945 3197 980 3254 et
1004 3197 1218 3274 aperueruut
1241 3191 1396 3272 ianuam,
1422 3198 1463 3256 ut

267 3294 459 3361 conderent
475 3315 599 3376 corpus
617 3292 692 3357 eius
709 3293 802 3358 inter
818 3315 964 3376 corpora
980 3301 1115 3377 patrum
1134 3295 1219 3359 eius.
1257 3293 1356 3359 'Iunc
1375 3294 1460 3359 mihi

265 3401 302 3465 iu
319 3402 469 3464 mentem
486 3396 648 3462 veniebat
664 3396 738 3461 dics
756 3420 825 3480 qua
840 3419 973 3462 mecum
994 3399 1183 3462 ambulavit
1198 3399 1233 3461 iu
1250 3396 1461 3480 Aegyptum,

222 3543 226 3552 ·
266 3521 467 3584 summaque
485 3500 546 3564 illa
561 3500 723 3564 molestia
739 3521 840 3583 quam
857 3522 933 3565 mea
950 3523 1074 3566 caussa
1090 3501 1268 3565 sustinuit.
1304 3501 1460 3566 Proinde

267 3608 439 3693 (mortem)
463 3603 538 3669 eius
560 3601 668 3693 multo
690 3608 844 3688 tempore
867 3601 1004 3686 deflevi,
1030 3609 1065 3670 et
1085 3588 1260 3669 reclinans
1282 3624 1334 3669 me
1356 3624 1462 3688 super

268 3731 393 3796 corpus
411 3710 485 3776 eius
503 3708 588 3775 dixi:

702 3935 822 4002 Garun
844 3935 1024 4006 XXVIII.

355 4091 405 4174 ,0
426 4111 517 4157 mors
535 4112 622 4173 quae
645 4112 780 4157 omnem
800 4093 983 4157 scientiam
1005 4091 1122 4157 reddis
1145 4090 1324 4173 evanidam
1347 4113 1388 4156 ac
1409 4098 1462 4157 tot

267 4195 428 4261 lacrimas
451 4194 581 4259 excitas
603 4201 638 4259 et
659 4194 825 4278 eiulatus,
849 4203 941 4261 certe
959 4194 1045 4260 deus
1062 4202 1163 4277 pater
1181 4215 1277 4260 meus
1300 4194 1360 4258 ille
1383 4195 1460 4278 ipse

268 4304 345 4386 (est)
363 4301 422 4384 qui
444 4298 533 4362 hano
548 4298 613 4363 tibi
630 4304 838 4382 potestatem
856 4300 1037 4364 concessit.
1075 4296 1128 4362 Ob
1146 4299 1460 4382 transgressionem

268 4404 361 4469 enim
375 4399 504 4467 Adami
521 4409 556 4467 et
572 4404 729 4488 coniugis
746 4404 821 4468 cius
831 4403 924 4468 Evae
941 4403 1120 4467 intereunt
1136 4402 1328 4488 (homiues),
1345 4424 1460 4487 neque

267 4509 382 4594 parcit
401 4529 492 4574 mors
508 4507 562 4572 vel
577 4509 648 4573 uni.
679 4507 820 4575 Nemini
838 4514 953 4573 tamen
975 4507 1105 4573 accidit
1125 4513 1186 4572 aut
1200 4506 1351 4572 infertur
1367 4507 1463 4591 quic-

269 4634 371 4699 quam
388 4614 463 4679 sine
482 4607 644 4680 mandato
664 4615 774 4697 patris
791 4615 867 4678 mei.
896 4612 1028 4696 Utique
1046 4614 1210 4678 exstitere
1227 4612 1384 4678 homines
1402 4613 1462 4696 qui

267 4720 373 4785 vitam
383 4718 623 4803 produxerunt
638 4719 681 4785 ad
692 4727 887 4804 nongentos
903 4738 1015 4801 usque
1026 4737 1146 4800 anuos,
1164 4716 1226 4782 sed
1237 4716 1356 4781 donati
1368 4722 1460 4781 suut.
