3458 5640
523 601 854 654 Peenno-merram
873 601 1113 653 nvnuonulmt.
1140 599 1214 651 CAP.
1232 599 1284 651 111.
1462 596 1502 660 5'1

308 749 414 814 solam
442 771 462 814 o
482 749 712 834 benignitatis
735 756 815 817 tuae
831 738 928 816 dono
950 746 1129 815 excludis?
1173 748 1226 814 Tu
1248 748 1341 814 nosti
1364 746 1502 813 domine

308 852 350 917 ab
372 852 472 918 initio
495 854 649 938 coniugii
672 875 725 919 me
747 853 812 920 hoc
833 855 980 935 vovisse,
1003 858 1042 918 ut
1061 851 1091 917 si
1108 851 1265 918 dedisses
1287 850 1372 916 mihi
1393 849 1503 915 filium

308 961 368 1020 arnt
388 955 509 1036 filiam,
532 956 736 1024 obtulissem
759 958 857 1024 illum
879 957 943 1024 tibi
964 959 999 1022 in
1021 955 1151 1040 templo
1173 961 1293 1022 sancto
1316 960 1387 1020 tuo.
1429 953 1505 1020 ΙΕΙ

308 1058 387 1123 dum
410 1059 478 1125 isto
500 1059 646 1142 diceret,
674 1060 790 1128 subito
817 1067 897 1127 anto
923 1061 1047 1126 faciem
1073 1059 1147 1124 eius
1170 1058 1335 1143 apparuit
1357 1059 1503 1143 augelus

308 1162 438 1227 domini
461 1163 595 1229 dicens:
630 1163 714 1230 Noli
737 1165 858 1230 timero
880 1164 1000 1246 Anno,
1029 1163 1193 1245 quoniam
1218 1163 1254 1226 in
1277 1162 1423 1228 consilio
1446 1161 1503 1226 dei

308 1269 361 1327 (est
377 1285 515 1345 germen
535 1271 647 1344 tuum;
669 1272 704 1330 ct
720 1266 812 1347 quod
836 1287 876 1329 cx
893 1273 926 1329 to
943 1273 1061 1329 natum
1078 1264 1199 1342 fucrit,
1221 1263 1289 1327 erit
1304 1263 1340 1326 in
1357 1262 1503 1327 admiro-

308 1364 437 1428 tioncm
455 1366 615 1430 omnibus
633 1366 761 1431 seculis
778 1387 887 1448 usque
905 1366 940 1429 in
958 1364 1071 1428 linem.
1094 1364 1143 1428 Et
1155 1384 1231 1428 curn
1247 1362 1334 1428 haec
1345 1363 1502 1445 dixisset,

307 1464 348 1528 ab
367 1466 479 1530 oculis
496 1467 572 1531 eius
589 1466 729 1550 elapsus
742 1472 804 1533 est.
828 1465 896 1530 Illa
912 1472 1028 1530 autom
1039 1472 1190 1530 tremens
1207 1470 1390 1548 otpavens,
1408 1465 1501 1550 quod

306 1566 453 1633 vidisset
468 1569 573 1635 talem
587 1570 756 1635 visionem
773 1575 808 1635 et
823 1568 928 1634 talem
949 1568 1107 1634 audisset
1120 1588 1323 1648 sermonem,
1344 1568 1504 1652 ingresso

308 1670 343 1735 in
364 1670 563 1736 cubiculum
580 1671 721 1738 iactavit
742 1693 778 1738 se
795 1673 831 1737 in
848 1671 938 1737 lecto
957 1672 1056 1756 qussi
1073 1677 1224 1753 mortuo,
1249 1676 1284 1736 et
1299 1675 1373 1736 tota
1389 1671 1445 1736 dio
1462 1693 1503 1737 sc

308 1779 410 1840 nocte
432 1775 468 1839 in
490 1780 638 1864 tremore
661 1776 766 1842 nimio
792 1797 832 1841 sc
854 1775 1010 1841 oratione
1033 1775 1234 1859 permansit.
1279 1776 1290 1809 ⁴
1310 1775 1399 1840 Post
1416 1774 1503 1840 hoec

307 1878 442 1944 vocavit
461 1878 505 1944 ad
522 1900 558 1945 se
575 1878 728 1964 puellam
744 1901 840 1945 suam
858 1884 894 1944 ot
909 1878 998 1944 dixit
1018 1878 1062 1944 od
1080 1900 1168 1944 eom:
1198 1878 1309 1947 Vides
1325 1900 1378 1944 me
1394 1879 1504 1944 vidui·

308 1986 380 2047 tate
398 1981 578 2067 deceptam
595 1984 681 2050 etin
698 1984 860 2068 angustia
875 1983 1035 2067 positam,
1053 1989 1089 2048 ot
1104 1988 1141 2048 tu
1159 2003 1223 2048 nec
1242 1982 1379 2067 ingredi
1395 1982 1502 2049 adme

307 2084 472 2149 voluisti?
499 2085 598 2152 Tunc
614 2086 676 2152 illo
691 2087 727 2150 in
744 2108 917 2151 murmuro
935 2087 986 2152 sic
1002 2086 1185 2169 respondit
1201 2085 1336 2151 dicens:
1362 2085 1399 2151 Si
1417 2085 1504 2152 deus

312 2187 486 2254 conclusit
500 2194 637 2255 uterum
654 2195 750 2255 tuum
768 2197 803 2255 et
817 2191 927 2256 virum
944 2195 1042 2254 tuum
1061 2211 1081 2255 a
1097 2195 1131 2255 to
1149 2188 1311 2271 obstulit,
1336 2209 1400 2273 ego
1419 2189 1503 2273 quid

309 2291 375 2357 tibi
390 2291 526 2358 facture
542 2290 639 2358 snm?
668 2293 716 2357 Et
731 2292 818 2359 hoec
834 2294 981 2359 audiens
1001 2291 1107 2358 Anna
1122 2293 1271 2377 amplius
1288 2291 1403 2358 flebat.

734 2491 738 2511 .
800 2438 920 2506 Ounno?
942 2438 1011 2504 ΠΙ.

395 2551 405 2584 ¹
421 2549 464 2615 In
481 2550 556 2635 ipso
575 2557 728 2636 tempore
752 2552 915 2636 apperuit
931 2550 1071 2637 quidam
1093 2550 1227 2616 iuvenis
1249 2549 1503 2633 intermontes,

308 2652 368 2718 ubi
384 2652 540 2719 Ioachim
559 2655 727 2738 pascebat
742 2678 881 2741 greges,
903 2661 938 2721 et
954 2654 1042 2720 dixit
1058 2654 1104 2720 ei:
1130 2652 1245 2738 Quare
1267 2675 1336 2719 non
1357 2659 1504 2720 reverte·

309 2756 357 2820 ris
373 2755 416 2820 od
427 2777 568 2822 uxorem
579 2757 695 2824 tuam?
718 2758 1041 2825 ldtdixitIoochim:
1065 2755 1504 2841 Pervigintiannoshebui

310 2880 400 2939 cam;
422 2882 515 2926 nunc
534 2883 613 2927 vero
632 2863 715 2946 quio
735 2863 849 2928 noluit
864 2862 950 2928 deus
969 2861 1051 2927 mihi
1075 2881 1116 2925 ex
1138 2881 1179 2926 es
1195 2860 1277 2926 doro
1296 2859 1403 2946 filios,
1427 2882 1504 2927 cum

309 3038 389 3088 nolam
399 3042 442 3089 otc
452 3055 511 3088 cum
522 3053 583 3090 ann:
598 3052 633 3089 cr>
646 3040 692 3089 tili
704 3040 753 3090 noli
762 3042 866 3106 gratiae
877 3057 925 3106 apo
938 3042 999 3105 qnia
1009 3045 1039 3090 nt
1050 3040 1153 3090 wluieti
1166 3040 1204 3089 ita
1216 3040 1352 3098 ordinasti,
1365 3043 1394 3089 nt
1406 3038 1436 3102 (n
1449 3038 1502 3104 om)

310 3142 347 3175 me
359 3126 439 3175 solam
457 3143 474 3174 a
487 3127 649 3191 benignitatis
661 3131 720 3177 tuae
731 3145 831 3178 munere
848 3129 994 3178 excluderes
1010 3127 1039 3191 (o
1052 3127 1197 3189 eaclmdens)
1218 3124 1222 3192 Ι
1245 3128 1281 3176 tu
1293 3128 1360 3176 nosti
1372 3153 1381 3163 ·
1394 3126 1506 3176 dedinm

312 3228 370 3262 cnm
384 3226 415 3261 ιι
433 3225 506 3263 anco
522 3214 558 3262 lin
569 3215 633 3263 enim
645 3216 743 3265 domine
755 3215 804 3278 (nn
816 3215 887 3278 dene)
899 3215 967 3265 nanti
979 3231 1023 3264 aar
1034 3231 1126 3272 mum,
1146 3216 1206 3278 qaia
1218 3215 1249 3263 ab
1262 3214 1336 3263 initio
1348 3214 1444 3277 eoniop.
1457 3212 1506 3261 mei

310 3298 356 3346 iae
368 3298 463 3347 rosim
474 3313 511 3347 me
524 3296 552 3358 (Δ
566 3314 604 3347 me
615 3299 734 3362 noluisse)
747 3300 867 3364 confiteor
880 3299 909 3362 (n
914 3299 1019 3364 fateor)
1031 3304 1060 3347 nit
1071 3300 1094 3347 si
1108 3303 1136 3347 tu
1146 3300 1208 3348 denis
1221 3298 1248 3361 (o
1260 3297 1368 3361 domine)
1381 3298 1505 3357 dedissem

310 3395 327 3431 ιι
343 3382 379 3432 lin
390 3383 488 3433 minine
499 3385 567 3433 nonii
578 3400 622 3433 aar
633 3401 718 3441 nnenrn,
732 3386 793 3448 qnia
804 3385 827 3433 ni
838 3385 950 3434 dedisses
963 3382 967 3450 Ι
981 3384 1067 3432 illem.-
1079 3397 1136 3433 ann
1148 3399 1198 3442 eos,
1211 3396 1226 3434 c
1240 3399 1282 3433 om
1297 3381 1301 3448 Ι
1316 3385 1342 3432 in
1355 3384 1447 3447 templo
1460 3389 1504 3433 ote

310 3485 368 3519 cum
382 3479 469 3517 anon:
483 3481 499 3517 Β
512 3469 538 3516 in
551 3469 668 3532 templum
679 3474 793 3518 sanctum
805 3474 873 3519 tntum

378 3557 402 3604 3.
421 3555 518 3604 inlita:
536 3569 552 3604 ιι
565 3571 607 3605 om
621 3554 626 3621 Ι
639 3557 739 3606 dicensi
757 3568 792 3605 oo
806 3556 857 3605 add
870 3557 894 3605 ei
907 3555 911 3621 Ι
926 3561 951 3605 ei
963 3557 1028 3621 qnod
1041 3555 1069 3618 (ι
1083 3557 1149 3620 qaod
1161 3557 1236 3619 enini)
1251 3563 1309 3606 etc:
1330 3570 1346 3604 s
1361 3557 1427 3620 qnod
1438 3570 1469 3605 ea
1481 3561 1506 3606 ts

307 3642 423 3689 nancitor
440 3639 443 3706 Ι
459 3641 523 3690 erit:
541 3655 558 3690 a
575 3641 680 3691 dotitnr
693 3638 697 3707 Ι
712 3642 738 3690 in
755 3642 949 3692 admirationem
965 3642 993 3705 (n
1011 3641 1093 3704 ·one).·
1111 3655 1129 3690 1>
1144 3643 1170 3691 in
1186 3642 1357 3691 amaritudine
1371 3639 1375 3707 Ι
1389 3642 1507 3706 elapsus:

308 3727 479 3776 nealleoatris
492 3724 496 3794 Ι
511 3731 631 3777 tremens:
644 3741 680 3778 aa
693 3729 782 3779 timens
795 3725 799 3794 Ι
814 3741 885 3778 nom
898 3733 922 3777 et
928 3745 1025 3793 pauens
1039 3727 1043 3793 Ι
1057 3729 1190 3778 visionem:
1203 3730 1346 3779 noirlntem
1359 3726 1363 3795 Ι
1376 3730 1506 3793 ingressa:

308 3826 325 3862 Δ
344 3829 433 3878 praem
452 3814 547 3863 demeim
567 3812 571 3879 Ι
590 3816 616 3863 in
633 3815 713 3864 lector
731 3829 767 3864 ms
783 3816 810 3864 in
829 3815 918 3865 lecim
937 3814 964 3878 (s
977 3815 1027 3864 add
1041 3815 1121 3878 snum)
1143 3813 1147 3879 Ι
1166 3817 1240 3881 qnasi
1257 3816 1304 3878 (nn
1323 3815 1374 3864 edd
1387 3815 1506 3880 enisum)

307 3904 408 3948 mortua
418 3904 457 3947 et:
475 3913 492 3948 a
503 3904 529 3948 et
541 3901 615 3964 quani
626 3905 726 3949 nncrtaa
745 3899 749 3965 Ι
770 3913 804 3950 on
816 3917 864 3964 per
876 3906 955 3950 totum
966 3902 1031 3949 diem
1049 3906 1074 3950 et
1087 3905 1165 3950 totam
1177 3907 1272 3951 noctem
1292 3898 1296 3965 Ι
1316 3915 1332 3950 ιι
1345 3916 1386 3950 om
1400 3907 1507 3952 tremore

310 3984 385 4032 ninnio
398 4000 429 4032 aa

376 4071 401 4119 4.
419 4070 484 4119 Post
494 4070 570 4117 laea:
583 4083 619 4118 nn
632 4068 684 4118 edd
698 4086 765 4126 vero,
783 4083 799 4118 a
812 4075 895 4120 anim
909 4068 913 4136 Ι
923 4073 1038 4136 puellam
1050 4077 1081 4122 ut
1094 4084 1181 4130 nocn3
1200 4085 1217 4120 a
1230 4071 1351 4119 ancillam
1365 4068 1369 4136 Ι
1388 4073 1465 4123 Vides
1476 4079 1507 4122 ut

308 4166 377 4215 ηις
391 4166 426 4204 on
438 4155 526 4204 nidisti
539 4150 544 4220 Ι
556 4170 594 4204 me
607 4170 692 4219 unque
700 4156 813 4219 positam
826 4172 883 4206 cum
898 4169 967 4207 nco:
980 4171 997 4206 n
1011 4160 1037 4207 in
1049 4158 1219 4207 amaritudine
1231 4161 1256 4206 et
1268 4158 1387 4221 snpientia
1395 4159 1507 4222 positam

308 4246 333 4291 et
350 4241 376 4290 in
393 4232 517 4291 oidnitate
534 4241 660 4291 desertam
665 4261 672 4297 ;
692 4255 708 4291 ιι
726 4259 763 4292 me
774 4243 923 4292 viduitatem
938 4244 1067 4294 labentem
1083 4245 1110 4292 in
1128 4244 1248 4308 angustia
1267 4241 1271 4309 Ι
1290 4260 1335 4292 nec
1350 4244 1451 4308 ingredi
1463 4251 1506 4296 ete

308 4342 366 4376 cum
379 4339 427 4389 ως
447 4339 483 4377 n
496 4325 596 4391 ingredi
607 4329 641 4377 ad
653 4344 690 4377 me
703 4328 817 4388 noluisti,
829 4342 848 4378 ι)
862 4346 941 4394 qnare
954 4331 988 4380 ad
999 4347 1037 4380 me
1050 4332 1115 4395 ingr.
1128 4330 1234 4380 nolniieti
1247 4326 1251 4395 Ι
1265 4331 1292 4378 in
1303 4347 1427 4381 rnnrmnre
1439 4348 1505 4398 resp.

309 4415 347 4464 ait
359 4419 390 4464 ut
402 4425 470 4475 ουιις
489 4426 506 4463 Δ
516 4430 600 4479 parco
613 4430 737 4464 marmure
749 4416 787 4464 nie
798 4417 929 4482 respondit
941 4417 1041 4475 dicens,
1059 4431 1076 4466 ιι
1089 4432 1246 4466 mnirrnnrare
1259 4418 1340 4481 coepit
1352 4418 1437 4468 dicens
1450 4415 1455 4486 Ι
1469 4419 1507 4469 nt

308 4502 383 4551 darer
401 4513 437 4550 ΑΒ
450 4501 508 4551 Hoc
521 4497 526 4565 Ι
540 4501 738 4567 ampliusjlelat
750 4506 781 4552 ut
793 4516 824 4552 ιιι
843 4516 877 4552 ιο
890 4505 1004 4554 emittens
1015 4521 1098 4554 vorem
1110 4520 1164 4552 eam
1176 4503 1328 4554 clamoribus
1340 4503 1368 4566 (Α
1381 4504 1505 4569 minis)

310 4587 373 4647 tel„
385 4599 404 4636 ι)
417 4589 520 4638 eandem
532 4588 642 4649 (omisso
656 4588 744 4652 Anna)
758 4606 840 4639 nocem
851 4592 965 4640 emittens
977 4607 1032 4639 curn
1043 4591 1172 4640 clamarit.
1186 4595 1211 4640 et
1223 4591 1402 4656 lncrimisflet.

378 4672 428 4722 111.
447 4674 480 4722 1n
491 4674 547 4738 ipso
565 4679 596 4723 ut
608 4687 676 4734 σοις
696 4687 713 4722 Δ
727 4675 824 4724 Eodem
842 4671 846 4738 Ι
864 4689 880 4724 ι
896 4677 921 4724 in
933 4677 1057 4725 montiliis
1069 4677 1194 4735 Icaclim,
1213 4677 1255 4725 ali
1263 4691 1304 4738 pr.
1317 4678 1506 4741 saepserant

309 4758 423 4823 dinitgnn
435 4758 470 4808 ad
481 4775 535 4808 enm
549 4754 554 4824 Ι
567 4775 632 4809 nnnc
644 4774 703 4809 nero
717 4766 760 4809 etc
774 4775 832 4809 cnm
843 4772 911 4818 cmm
925 4759 983 4823 ι(ιι)
996 4766 1021 4811 et
1033 4761 1115 4811 noluit
1127 4777 1158 4809 ea
1169 4777 1201 4810 ea
1212 4761 1273 4810 midi
1284 4761 1345 4810 dene
1353 4761 1504 4828 darejilios.
