<?xml version="1.0" encoding="UTF-8"?>
<!DOCTYPE html PUBLIC "-//W3C//DTD XHTML 1.0 Transitional//EN"
    "http://www.w3.org/TR/xhtml1/DTD/xhtml1-transitional.dtd">
<html xmlns="http://www.w3.org/1999/xhtml" xml:lang="en" lang="en">
 <head>
  <title>
</title>
<meta http-equiv="Content-Type" content="text/html;charset=utf-8" />
  <meta name='ocr-system' content='tesseract 3.04.00' />
  <meta name='ocr-capabilities' content='ocr_page ocr_carea ocr_par ocr_line ocrx_word'/>
</head>
<body>
  <div class='ocr_page' id='page_1' title='image "./evangeliaapocry02tiscgoog_0598.png"; bbox 0 0 3458 5640; ppageno 0'>
   <div class='ocr_carea' id='block_1_1' title="bbox 556 611 1361 678">
    <p class='ocr_par' dir='ltr' id='par_1_1' title="bbox 556 611 1361 678">
     <span class='ocr_line' id='line_1_1' title="bbox 556 611 1361 678; baseline 0.025 -19"><span class='ocrx_word' id='word_1_1' title='bbox 556 611 722 663; x_wconf 83' lang='lat' dir='ltr'>vrumcra</span> <span class='ocrx_word' id='word_1_2' title='bbox 744 613 969 664; x_wconf 78' lang='lat' dir='ltr'>sanvsrosrs.</span> <span class='ocrx_word' id='word_1_3' title='bbox 1082 653 1085 660; x_wconf 91' lang='lat'>.</span> <span class='ocrx_word' id='word_1_4' title='bbox 1298 613 1361 678; x_wconf 81' lang='lat'>483</span> 
     </span>
    </p>
   </div>
   <div class='ocr_carea' id='block_1_2' title="bbox 165 759 1362 1462">
    <p class='ocr_par' dir='ltr' id='par_1_2' title="bbox 165 759 1362 1462">
     <span class='ocr_line' id='line_1_2' title="bbox 256 759 1361 846; baseline 0.005 -19"><span class='ocrx_word' id='word_1_5' title='bbox 256 761 282 800; x_wconf 79' lang='lat'>²⁸</span> <span class='ocrx_word' id='word_1_6' title='bbox 296 760 390 827; x_wconf 85' lang='lat' dir='ltr'>Tunc</span> <span class='ocrx_word' id='word_1_7' title='bbox 407 759 561 826; x_wconf 80' lang='lat' dir='ltr'>Tiberius</span> <span class='ocrx_word' id='word_1_8' title='bbox 583 761 762 846; x_wconf 88' lang='lat' dir='ltr'>imperator·</span> <span class='ocrx_word' id='word_1_9' title='bbox 784 761 897 829; x_wconf 84' lang='lat' dir='ltr'>audito</span> <span class='ocrx_word' id='word_1_10' title='bbox 915 761 1032 830; x_wconf 90' lang='lat' dir='ltr'>nuntio</span> <span class='ocrx_word' id='word_1_11' title='bbox 1047 762 1220 832; x_wconf 78' lang='lat' dir='ltr'>Valesiani</span> <span class='ocrx_word' id='word_1_12' title='bbox 1237 787 1361 833; x_wconf 83' lang='lat' dir='ltr'>summe</span> 
     </span>
     <span class='ocr_line' id='line_1_3' title="bbox 169 861 1362 954; baseline 0.003 -25"><span class='ocrx_word' id='word_1_13' title='bbox 169 864 298 947; x_wconf 74' lang='lat' dir='ltr'>gavisus</span> <span class='ocrx_word' id='word_1_14' title='bbox 321 868 380 945; x_wconf 89' lang='lat' dir='ltr'>ost,</span> <span class='ocrx_word' id='word_1_15' title='bbox 404 869 439 929; x_wconf 90' lang='lat' dir='ltr'>ot</span> <span class='ocrx_word' id='word_1_16' title='bbox 459 861 558 928; x_wconf 90' lang='lat' dir='ltr'>iussit</span> <span class='ocrx_word' id='word_1_17' title='bbox 581 867 617 929; x_wconf 89' lang='lat' dir='ltr'>ut</span> <span class='ocrx_word' id='word_1_18' title='bbox 639 863 766 929; x_wconf 85' lang='lat' dir='ltr'>veniret</span> <span class='ocrx_word' id='word_1_19' title='bbox 788 864 829 929; x_wconf 87' lang='lat' dir='ltr'>ad</span> <span class='ocrx_word' id='word_1_20' title='bbox 851 864 979 954; x_wconf 84' lang='lat' dir='ltr'>facicm.</span> <span class='ocrx_word' id='word_1_21' title='bbox 1024 864 1090 950; x_wconf 81' lang='lat' dir='ltr'>Qui</span> <span class='ocrx_word' id='word_1_22' title='bbox 1113 887 1187 932; x_wconf 94' lang='lat' dir='ltr'>cum</span> <span class='ocrx_word' id='word_1_23' title='bbox 1209 868 1362 950; x_wconf 78' lang='lat' dir='ltr'>venisset,</span> 
     </span>
     <span class='ocr_line' id='line_1_4' title="bbox 168 965 1361 1055; baseline 0.004 -24"><span class='ocrx_word' id='word_1_24' title='bbox 168 967 294 1033; x_wconf 84' lang='lat' dir='ltr'>vocavit</span> <span class='ocrx_word' id='word_1_25' title='bbox 316 988 390 1032; x_wconf 88' lang='lat' dir='ltr'>eum</span> <span class='ocrx_word' id='word_1_26' title='bbox 413 967 525 1031; x_wconf 91' lang='lat' dir='ltr'>dicens</span> <span class='ocrx_word' id='word_1_27' title='bbox 547 965 734 1048; x_wconf 86' lang='lat' dir='ltr'>Velosiane,</span> <span class='ocrx_word' id='word_1_28' title='bbox 757 967 920 1051; x_wconf 90' lang='lat' dir='ltr'>quomodo</span> <span class='ocrx_word' id='word_1_29' title='bbox 942 970 1068 1050; x_wconf 81' lang='lat' dir='ltr'>venisti,</span> <span class='ocrx_word' id='word_1_30' title='bbox 1095 970 1229 1055; x_wconf 86' lang='lat' dir='ltr'>etquid</span> <span class='ocrx_word' id='word_1_31' title='bbox 1251 969 1361 1037; x_wconf 81' lang='lat' dir='ltr'>&#39;vidisti</span> 
     </span>
     <span class='ocr_line' id='line_1_5' title="bbox 168 1070 1360 1156; baseline 0.003 -20"><span class='ocrx_word' id='word_1_32' title='bbox 168 1072 201 1136; x_wconf 90' lang='lat' dir='ltr'>in</span> <span class='ocrx_word' id='word_1_33' title='bbox 223 1070 358 1155; x_wconf 80' lang='lat' dir='ltr'>regione</span> <span class='ocrx_word' id='word_1_34' title='bbox 380 1071 526 1137; x_wconf 75' lang='lat' dir='ltr'>Iudaeae</span> <span class='ocrx_word' id='word_1_35' title='bbox 550 1072 589 1136; x_wconf 90' lang='lat' dir='ltr'>de</span> <span class='ocrx_word' id='word_1_36' title='bbox 613 1070 746 1137; x_wconf 84' lang='lat' dir='ltr'>Olrristo</span> <span class='ocrx_word' id='word_1_37' title='bbox 769 1071 900 1137; x_wconf 92' lang='lat' dir='ltr'>domino</span> <span class='ocrx_word' id='word_1_38' title='bbox 924 1078 958 1138; x_wconf 89' lang='lat' dir='ltr'>et</span> <span class='ocrx_word' id='word_1_39' title='bbox 980 1072 1149 1156; x_wconf 81' lang='lat' dir='ltr'><strong>discipulis</strong></span> <span class='ocrx_word' id='word_1_40' title='bbox 1172 1072 1268 1140; x_wconf 81' lang='lat' dir='ltr'>eius?</span> <span class='ocrx_word' id='word_1_41' title='bbox 1304 1073 1360 1140; x_wconf 90' lang='lat' dir='ltr'>In-</span> 
     </span>
     <span class='ocr_line' id='line_1_6' title="bbox 167 1175 1360 1262; baseline 0.002 -21"><span class='ocrx_word' id='word_1_42' title='bbox 167 1175 242 1242; x_wconf 90' lang='lat' dir='ltr'>dica</span> <span class='ocrx_word' id='word_1_43' title='bbox 263 1176 343 1241; x_wconf 92' lang='lat' dir='ltr'>mihi</span> <span class='ocrx_word' id='word_1_44' title='bbox 366 1197 489 1260; x_wconf 85' lang='lat' dir='ltr'>quaeso</span> <span class='ocrx_word' id='word_1_45' title='bbox 513 1181 708 1241; x_wconf 76' lang='lat' dir='ltr'>sanaturum</span> <span class='ocrx_word' id='word_1_46' title='bbox 731 1198 782 1242; x_wconf 86' lang='lat' dir='ltr'>me</span> <span class='ocrx_word' id='word_1_47' title='bbox 806 1175 845 1242; x_wconf 91' lang='lat' dir='ltr'>de</span> <span class='ocrx_word' id='word_1_48' title='bbox 868 1176 1059 1244; x_wconf 83' lang='lat' dir='ltr'>infirmitate</span> <span class='ocrx_word' id='word_1_49' title='bbox 1081 1199 1154 1244; x_wconf 86' lang='lat' dir='ltr'>mss</span> <span class='ocrx_word' id='word_1_50' title='bbox 1175 1182 1213 1242; x_wconf 90' lang='lat' dir='ltr'>ut</span> <span class='ocrx_word' id='word_1_51' title='bbox 1235 1178 1360 1262; x_wconf 90' lang='lat' dir='ltr'>possim</span> 
     </span>
     <span class='ocr_line' id='line_1_7' title="bbox 166 1275 1361 1362; baseline 0.001 -21"><span class='ocrx_word' id='word_1_52' title='bbox 166 1276 275 1341; x_wconf 92' lang='lat' dir='ltr'>subito</span> <span class='ocrx_word' id='word_1_53' title='bbox 304 1277 456 1342; x_wconf 91' lang='lat' dir='ltr'>mundari</span> <span class='ocrx_word' id='word_1_54' title='bbox 480 1299 499 1341; x_wconf 97' lang='lat' dir='ltr'>a</span> <span class='ocrx_word' id='word_1_55' title='bbox 521 1277 615 1360; x_wconf 89' lang='lat' dir='ltr'>lepra</span> <span class='ocrx_word' id='word_1_56' title='bbox 636 1277 703 1341; x_wconf 91' lang='lat' dir='ltr'>ista</span> <span class='ocrx_word' id='word_1_57' title='bbox 726 1298 825 1360; x_wconf 88' lang='lat' dir='ltr'>quam</span> <span class='ocrx_word' id='word_1_58' title='bbox 847 1275 952 1342; x_wconf 89' lang='lat' dir='ltr'>habeo</span> <span class='ocrx_word' id='word_1_59' title='bbox 976 1299 1075 1362; x_wconf 89' lang='lat' dir='ltr'>super</span> <span class='ocrx_word' id='word_1_60' title='bbox 1097 1299 1216 1361; x_wconf 87' lang='lat' dir='ltr'>corpus</span> <span class='ocrx_word' id='word_1_61' title='bbox 1243 1300 1361 1362; x_wconf 86' lang='lat' dir='ltr'>meum,</span> 
     </span>
     <span class='ocr_line' id='line_1_8' title="bbox 165 1377 1302 1462; baseline 0.002 -19"><span class='ocrx_word' id='word_1_62' title='bbox 165 1384 200 1443; x_wconf 88' lang='lat' dir='ltr'>et</span> <span class='ocrx_word' id='word_1_63' title='bbox 221 1383 329 1444; x_wconf 89' lang='lat' dir='ltr'>totum</span> <span class='ocrx_word' id='word_1_64' title='bbox 352 1400 490 1462; x_wconf 82' lang='lat' dir='ltr'>rognum</span> <span class='ocrx_word' id='word_1_65' title='bbox 512 1399 620 1443; x_wconf 85' lang='lat' dir='ltr'>mcum</span> <span class='ocrx_word' id='word_1_66' title='bbox 642 1379 676 1442; x_wconf 92' lang='lat' dir='ltr'>in</span> <span class='ocrx_word' id='word_1_67' title='bbox 699 1383 862 1460; x_wconf 70' lang='lat' dir='ltr'>potestate</span> <span class='ocrx_word' id='word_1_68' title='bbox 884 1377 946 1443; x_wconf 91' lang='lat' dir='ltr'>tibi</span> <span class='ocrx_word' id='word_1_69' title='bbox 969 1384 1003 1443; x_wconf 86' lang='lat' dir='ltr'>ot</span> <span class='ocrx_word' id='word_1_70' title='bbox 1025 1378 1087 1445; x_wconf 91' lang='lat' dir='ltr'>sibi</span> <span class='ocrx_word' id='word_1_71' title='bbox 1109 1378 1216 1445; x_wconf 84' lang='lat' dir='ltr'>trado.</span> <span class='ocrx_word' id='word_1_72' title='bbox 1299 1377 1302 1383; x_wconf 69' lang='grc'><em>“</em></span> 
     </span>
    </p>
   </div>
   <div class='ocr_carea' id='block_1_3' title="bbox 165 1497 1461 3362">
    <p class='ocr_par' dir='ltr' id='par_1_3' title="bbox 165 1497 1461 3362">
     <span class='ocr_line' id='line_1_9' title="bbox 253 1497 1359 1585; baseline 0 -21"><span class='ocrx_word' id='word_1_73' title='bbox 253 1498 281 1537; x_wconf 81' lang='lat'>²⁹</span> <span class='ocrx_word' id='word_1_74' title='bbox 306 1499 403 1564; x_wconf 86' lang='lat' dir='ltr'><strong>Dixit</strong></span> <span class='ocrx_word' id='word_1_75' title='bbox 435 1504 546 1564; x_wconf 86' lang='lat' dir='ltr'>autem</span> <span class='ocrx_word' id='word_1_76' title='bbox 577 1497 776 1565; x_wconf 87' lang='lat' dir='ltr'>Velosianus</span> <span class='ocrx_word' id='word_1_77' title='bbox 805 1497 949 1564; x_wconf 85' lang='lat' dir='ltr'>Domine</span> <span class='ocrx_word' id='word_1_78' title='bbox 986 1498 1031 1562; x_wconf 92' lang='lat' dir='ltr'>mi</span> <span class='ocrx_word' id='word_1_79' title='bbox 1067 1497 1262 1584; x_wconf 84' lang='lat' dir='ltr'>imperator,</span> <span class='ocrx_word' id='word_1_80' title='bbox 1299 1520 1359 1585; x_wconf 80' lang='lat' dir='ltr'>ego</span> 
     </span>
     <span class='ocr_line' id='line_1_10' title="bbox 166 1598 1449 1684; baseline -0.003 -18"><span class='ocrx_word' id='word_1_81' title='bbox 166 1623 279 1668; x_wconf 88' lang='lat' dir='ltr'>servos</span> <span class='ocrx_word' id='word_1_82' title='bbox 307 1600 417 1666; x_wconf 87' lang='lat' dir='ltr'>inveni</span> <span class='ocrx_word' id='word_1_83' title='bbox 441 1600 555 1666; x_wconf 85' lang='lat' dir='ltr'>Titum</span> <span class='ocrx_word' id='word_1_84' title='bbox 583 1606 616 1666; x_wconf 86' lang='lat' dir='ltr'>ct</span> <span class='ocrx_word' id='word_1_85' title='bbox 638 1599 880 1684; x_wconf 82' lang='lat' dir='ltr'>Vespasianum</span> <span class='ocrx_word' id='word_1_86' title='bbox 907 1599 942 1664; x_wconf 92' lang='lat' dir='ltr'>in</span> <span class='ocrx_word' id='word_1_87' title='bbox 968 1599 1096 1667; x_wconf 85' lang='lat' dir='ltr'>Iudaea</span> <span class='ocrx_word' id='word_1_88' title='bbox 1125 1598 1278 1668; x_wconf 84' lang='lat' dir='ltr'>timentes</span> <span class='ocrx_word' id='word_1_89' title='bbox 1305 1600 1362 1668; x_wconf 88' lang='lat' dir='ltr'>do·</span> <span class='ocrx_word' id='word_1_90' title='bbox 1447 1657 1449 1662; x_wconf 86' lang='lat'>.</span> 
     </span>
     <span class='ocr_line' id='line_1_11' title="bbox 167 1702 1461 1805; baseline 0.001 -34"><span class='ocrx_word' id='word_1_91' title='bbox 167 1705 304 1789; x_wconf 90' lang='lat' dir='ltr'>minum,</span> <span class='ocrx_word' id='word_1_92' title='bbox 332 1710 366 1770; x_wconf 87' lang='lat' dir='ltr'>ct</span> <span class='ocrx_word' id='word_1_93' title='bbox 393 1704 542 1770; x_wconf 81' lang='lat' dir='ltr'>mundati</span> <span class='ocrx_word' id='word_1_94' title='bbox 570 1704 711 1769; x_wconf 91' lang='lat' dir='ltr'>suntab</span> <span class='ocrx_word' id='word_1_95' title='bbox 734 1702 886 1769; x_wconf 88' lang='lat' dir='ltr'>omnibus</span> <span class='ocrx_word' id='word_1_96' title='bbox 907 1702 1074 1769; x_wconf 80' lang='lat' dir='ltr'>ulceribus</span> <span class='ocrx_word' id='word_1_97' title='bbox 1097 1706 1131 1770; x_wconf 86' lang='lat' dir='ltr'>st</span> <span class='ocrx_word' id='word_1_98' title='bbox 1152 1704 1361 1788; x_wconf 85' lang='lat' dir='ltr'>passionibus</span> <span class='ocrx_word' id='word_1_99' title='bbox 1455 1782 1461 1805; x_wconf 28' lang='grc' dir='ltr'>ἱ</span> 
     </span>
     <span class='ocr_line' id='line_1_12' title="bbox 167 1808 1361 1893; baseline 0.001 -17"><span class='ocrx_word' id='word_1_100' title='bbox 167 1811 244 1876; x_wconf 88' lang='lat' dir='ltr'>suis.</span> <span class='ocrx_word' id='word_1_101' title='bbox 287 1811 335 1876; x_wconf 77' lang='lat' dir='ltr'>Et</span> <span class='ocrx_word' id='word_1_102' title='bbox 364 1809 474 1876; x_wconf 87' lang='lat' dir='ltr'>inveni</span> <span class='ocrx_word' id='word_1_103' title='bbox 504 1832 564 1893; x_wconf 89' lang='lat' dir='ltr'>per</span> <span class='ocrx_word' id='word_1_104' title='bbox 593 1810 705 1876; x_wconf 82' lang='lat' dir='ltr'>Titum</span> <span class='ocrx_word' id='word_1_105' title='bbox 734 1830 847 1875; x_wconf 87' lang='lat' dir='ltr'>omnes</span> <span class='ocrx_word' id='word_1_106' title='bbox 875 1831 969 1893; x_wconf 83' lang='lat' dir='ltr'>reges</span> <span class='ocrx_word' id='word_1_107' title='bbox 1001 1813 1034 1875; x_wconf 86' lang='lat' dir='ltr'>et</span> <span class='ocrx_word' id='word_1_108' title='bbox 1061 1808 1283 1877; x_wconf 84' lang='lat' dir='ltr'>dominatores</span> <span class='ocrx_word' id='word_1_109' title='bbox 1304 1808 1361 1877; x_wconf 91' lang='lat' dir='ltr'>Iu·</span> 
     </span>
     <span class='ocr_line' id='line_1_13' title="bbox 167 1912 1362 1999; baseline 0 -19"><span class='ocrx_word' id='word_1_110' title='bbox 167 1915 270 1982; x_wconf 85' lang='lat' dir='ltr'>dacae</span> <span class='ocrx_word' id='word_1_111' title='bbox 294 1936 484 1999; x_wconf 83' lang='lat' dir='ltr'>suspensos3</span> <span class='ocrx_word' id='word_1_112' title='bbox 514 1915 632 1981; x_wconf 89' lang='lat' dir='ltr'>Annas</span> <span class='ocrx_word' id='word_1_113' title='bbox 654 1919 689 1981; x_wconf 89' lang='lat' dir='ltr'>et</span> <span class='ocrx_word' id='word_1_114' title='bbox 711 1914 864 1998; x_wconf 84' lang='lat' dir='ltr'>Cayphas</span> <span class='ocrx_word' id='word_1_115' title='bbox 890 1913 1029 1998; x_wconf 91' lang='lat' dir='ltr'>lapidati</span> <span class='ocrx_word' id='word_1_116' title='bbox 1057 1917 1146 1998; x_wconf 89' lang='lat' dir='ltr'>sunt,</span> <span class='ocrx_word' id='word_1_117' title='bbox 1173 1912 1362 1982; x_wconf 81' lang='lat' dir='ltr'>Archelaus</span> 
     </span>
     <span class='ocr_line' id='line_1_14' title="bbox 167 2019 1362 2115; baseline -0.003 -26"><span class='ocrx_word' id='word_1_118' title='bbox 167 2022 201 2089; x_wconf 89' lang='lat' dir='ltr'>in</span> <span class='ocrx_word' id='word_1_119' title='bbox 224 2021 400 2105; x_wconf 85' lang='lat' dir='ltr'>semetipso</span> <span class='ocrx_word' id='word_1_120' title='bbox 423 2021 610 2101; x_wconf 83' lang='lat' dir='ltr'>lanceatus3</span> <span class='ocrx_word' id='word_1_121' title='bbox 641 2019 785 2087; x_wconf 91' lang='lat' dir='ltr'>Pilatum</span> <span class='ocrx_word' id='word_1_122' title='bbox 814 2024 925 2085; x_wconf 81' lang='lat' dir='ltr'>autem</span> <span class='ocrx_word' id='word_1_123' title='bbox 947 2019 982 2084; x_wconf 90' lang='lat' dir='ltr'>in</span> <span class='ocrx_word' id='word_1_124' title='bbox 1003 2019 1171 2085; x_wconf 84' lang='lat' dir='ltr'>Damasco</span> <span class='ocrx_word' id='word_1_125' title='bbox 1195 2019 1303 2115; x_wconf 79' lang='lat' dir='ltr'>dimisi</span> <span class='ocrx_word' id='word_1_126' title='bbox 1324 2020 1362 2086; x_wconf 93' lang='lat' dir='ltr'>li·</span> 
     </span>
     <span class='ocr_line' id='line_1_15' title="bbox 166 2123 1360 2213; baseline -0.001 -19"><span class='ocrx_word' id='word_1_127' title='bbox 166 2133 280 2213; x_wconf 82' lang='lat' dir='ltr'>gatum</span> <span class='ocrx_word' id='word_1_128' title='bbox 303 2131 336 2194; x_wconf 86' lang='lat' dir='ltr'>et</span> <span class='ocrx_word' id='word_1_129' title='bbox 357 2127 391 2191; x_wconf 93' lang='lat' dir='ltr'>in</span> <span class='ocrx_word' id='word_1_130' title='bbox 415 2147 548 2192; x_wconf 84' lang='lat' dir='ltr'>carcerc</span> <span class='ocrx_word' id='word_1_131' title='bbox 571 2125 717 2210; x_wconf 88' lang='lat' dir='ltr'>positum</span> <span class='ocrx_word' id='word_1_132' title='bbox 740 2124 801 2190; x_wconf 90' lang='lat' dir='ltr'>sub</span> <span class='ocrx_word' id='word_1_133' title='bbox 824 2123 890 2190; x_wconf 89' lang='lat' dir='ltr'>fida</span> <span class='ocrx_word' id='word_1_134' title='bbox 913 2124 1071 2191; x_wconf 83' lang='lat' dir='ltr'>custodis.</span> <span class='ocrx_word' id='word_1_135' title='bbox 1115 2123 1181 2193; x_wconf 82' lang='lat' dir='ltr'>Sed</span> <span class='ocrx_word' id='word_1_136' title='bbox 1204 2124 1302 2192; x_wconf 86' lang='lat' dir='ltr'>etiam</span> <span class='ocrx_word' id='word_1_137' title='bbox 1320 2125 1360 2193; x_wconf 85' lang='lat' dir='ltr'>de</span> 
     </span>
     <span class='ocr_line' id='line_1_16' title="bbox 165 2229 1362 2317; baseline -0.003 -16"><span class='ocrx_word' id='word_1_138' title='bbox 165 2235 244 2301; x_wconf 83' lang='lat' dir='ltr'>Iesu</span> <span class='ocrx_word' id='word_1_139' title='bbox 273 2233 430 2317; x_wconf 88' lang='lat' dir='ltr'>comperi,</span> <span class='ocrx_word' id='word_1_140' title='bbox 458 2232 493 2296; x_wconf 94' lang='lat' dir='ltr'>in</span> <span class='ocrx_word' id='word_1_141' title='bbox 516 2253 613 2316; x_wconf 84' lang='lat' dir='ltr'>quem</span> <span class='ocrx_word' id='word_1_142' title='bbox 641 2230 783 2316; x_wconf 87' lang='lat' dir='ltr'>pessimo</span> <span class='ocrx_word' id='word_1_143' title='bbox 805 2229 924 2297; x_wconf 83' lang='lat' dir='ltr'>Iudaei</span> <span class='ocrx_word' id='word_1_144' title='bbox 951 2230 1119 2297; x_wconf 87' lang='lat' dir='ltr'>irruerunt</span> <span class='ocrx_word' id='word_1_145' title='bbox 1146 2251 1220 2296; x_wconf 91' lang='lat' dir='ltr'>cum</span> <span class='ocrx_word' id='word_1_146' title='bbox 1242 2230 1362 2316; x_wconf 82' lang='lat' dir='ltr'>gladiis</span> 
     </span>
     <span class='ocr_line' id='line_1_17' title="bbox 167 2334 1362 2420; baseline -0.003 -14"><span class='ocrx_word' id='word_1_147' title='bbox 167 2346 200 2406; x_wconf 87' lang='lat' dir='ltr'>et</span> <span class='ocrx_word' id='word_1_148' title='bbox 230 2338 373 2404; x_wconf 85' lang='lat' dir='ltr'>fustibus</span> <span class='ocrx_word' id='word_1_149' title='bbox 404 2342 438 2404; x_wconf 89' lang='lat' dir='ltr'>ct</span> <span class='ocrx_word' id='word_1_150' title='bbox 468 2338 569 2403; x_wconf 92' lang='lat' dir='ltr'>armis</span> <span class='ocrx_word' id='word_1_151' title='bbox 601 2342 634 2404; x_wconf 91' lang='lat' dir='ltr'>ot</span> <span class='ocrx_word' id='word_1_152' title='bbox 664 2335 900 2402; x_wconf 82' lang='lat' dir='ltr'>crucifixerunt</span> <span class='ocrx_word' id='word_1_153' title='bbox 934 2357 1026 2418; x_wconf 88' lang='lat' dir='ltr'>eum,</span> <span class='ocrx_word' id='word_1_154' title='bbox 1064 2334 1121 2420; x_wconf 92' lang='lat' dir='ltr'>qui</span> <span class='ocrx_word' id='word_1_155' title='bbox 1155 2356 1217 2402; x_wconf 89' lang='lat' dir='ltr'>nos</span> <span class='ocrx_word' id='word_1_156' title='bbox 1248 2334 1362 2403; x_wconf 82' lang='lat' dir='ltr'>debuit</span> 
     </span>
     <span class='ocr_line' id='line_1_18' title="bbox 166 2438 1360 2524; baseline -0.003 -15"><span class='ocrx_word' id='word_1_157' title='bbox 166 2443 308 2510; x_wconf 86' lang='lat' dir='ltr'>liberare</span> <span class='ocrx_word' id='word_1_158' title='bbox 330 2447 364 2510; x_wconf 90' lang='lat' dir='ltr'>et</span> <span class='ocrx_word' id='word_1_159' title='bbox 384 2441 570 2508; x_wconf 88' lang='lat' dir='ltr'>illuminare</span> <span class='ocrx_word' id='word_1_160' title='bbox 594 2447 628 2508; x_wconf 90' lang='lat' dir='ltr'>ct</span> <span class='ocrx_word' id='word_1_161' title='bbox 649 2439 760 2507; x_wconf 90' lang='lat' dir='ltr'>venire</span> <span class='ocrx_word' id='word_1_162' title='bbox 788 2440 830 2506; x_wconf 88' lang='lat' dir='ltr'>ad</span> <span class='ocrx_word' id='word_1_163' title='bbox 858 2461 931 2522; x_wconf 88' lang='lat' dir='ltr'>nos,</span> <span class='ocrx_word' id='word_1_164' title='bbox 959 2443 993 2506; x_wconf 88' lang='lat' dir='ltr'>et</span> <span class='ocrx_word' id='word_1_165' title='bbox 1018 2438 1260 2524; x_wconf 84' lang='lat' dir='ltr'>suspenderunt</span> <span class='ocrx_word' id='word_1_166' title='bbox 1287 2460 1360 2506; x_wconf 89' lang='lat' dir='ltr'>oum</span> 
     </span>
     <span class='ocr_line' id='line_1_19' title="bbox 165 2542 1362 2636; baseline -0.003 -22"><span class='ocrx_word' id='word_1_167' title='bbox 165 2549 200 2614; x_wconf 91' lang='lat' dir='ltr'>in</span> <span class='ocrx_word' id='word_1_168' title='bbox 228 2548 325 2633; x_wconf 78' lang='lat' dir='ltr'>ligno.</span> <span class='ocrx_word' id='word_1_169' title='bbox 369 2548 417 2612; x_wconf 82' lang='lat' dir='ltr'>Et</span> <span class='ocrx_word' id='word_1_170' title='bbox 443 2546 535 2612; x_wconf 78' lang='lat' dir='ltr'>venit</span> <span class='ocrx_word' id='word_1_171' title='bbox 562 2545 684 2630; x_wconf 84' lang='lat' dir='ltr'>Ioseph</span> <span class='ocrx_word' id='word_1_172' title='bbox 712 2544 754 2610; x_wconf 88' lang='lat' dir='ltr'>ab</span> <span class='ocrx_word' id='word_1_173' title='bbox 777 2544 971 2610; x_wconf 87' lang='lat' dir='ltr'>Arimathia</span> <span class='ocrx_word' id='word_1_174' title='bbox 998 2545 1032 2609; x_wconf 79' lang='lat' dir='ltr'>ot</span> <span class='ocrx_word' id='word_1_175' title='bbox 1056 2542 1260 2636; x_wconf 82' lang='lat' dir='ltr'>Nicodamus</span> <span class='ocrx_word' id='word_1_176' title='bbox 1288 2565 1362 2610; x_wconf 91' lang='lat' dir='ltr'>cum</span> 
     </span>
     <span class='ocr_line' id='line_1_20' title="bbox 167 2648 1361 2737; baseline -0.005 -17"><span class='ocrx_word' id='word_1_177' title='bbox 167 2677 221 2735; x_wconf 92' lang='lat' dir='ltr'>eo,</span> <span class='ocrx_word' id='word_1_178' title='bbox 260 2654 370 2718; x_wconf 83' lang='lat' dir='ltr'>serens</span> <span class='ocrx_word' id='word_1_179' title='bbox 400 2653 565 2717; x_wconf 88' lang='lat' dir='ltr'>mixturae</span> <span class='ocrx_word' id='word_1_180' title='bbox 596 2651 751 2737; x_wconf 87' lang='lat' dir='ltr'>myrrhae</span> <span class='ocrx_word' id='word_1_181' title='bbox 784 2655 817 2715; x_wconf 86' lang='lat' dir='ltr'>et</span> <span class='ocrx_word' id='word_1_182' title='bbox 847 2649 938 2715; x_wconf 89' lang='lat' dir='ltr'>aloes</span> <span class='ocrx_word' id='word_1_183' title='bbox 969 2649 1065 2733; x_wconf 91' lang='lat' dir='ltr'>quasi</span> <span class='ocrx_word' id='word_1_184' title='bbox 1094 2648 1198 2717; x_wconf 87' lang='lat' dir='ltr'>libras</span> <span class='ocrx_word' id='word_1_185' title='bbox 1229 2653 1361 2715; x_wconf 83' lang='lat' dir='ltr'>centum</span> 
     </span>
     <span class='ocr_line' id='line_1_21' title="bbox 167 2750 1361 2842; baseline -0.003 -20"><span class='ocrx_word' id='word_1_186' title='bbox 167 2762 302 2842; x_wconf 89' lang='lat' dir='ltr'>propter</span> <span class='ocrx_word' id='word_1_187' title='bbox 339 2775 458 2838; x_wconf 89' lang='lat' dir='ltr'>corpus</span> <span class='ocrx_word' id='word_1_188' title='bbox 489 2752 615 2820; x_wconf 83' lang='lat' dir='ltr'>Christi</span> <span class='ocrx_word' id='word_1_189' title='bbox 649 2751 855 2838; x_wconf 79' lang='lat' dir='ltr'>ungendum:</span> <span class='ocrx_word' id='word_1_190' title='bbox 893 2753 927 2818; x_wconf 85' lang='lat' dir='ltr'>ot</span> <span class='ocrx_word' id='word_1_191' title='bbox 957 2750 1182 2836; x_wconf 86' lang='lat' dir='ltr'>deposuerunt</span> <span class='ocrx_word' id='word_1_192' title='bbox 1215 2772 1291 2818; x_wconf 88' lang='lat' dir='ltr'>eum</span> <span class='ocrx_word' id='word_1_193' title='bbox 1321 2751 1361 2819; x_wconf 87' lang='lat' dir='ltr'>ds</span> 
     </span>
     <span class='ocr_line' id='line_1_22' title="bbox 168 2855 1363 2943; baseline -0.003 -16"><span class='ocrx_word' id='word_1_194' title='bbox 168 2883 265 2928; x_wconf 87' lang='lat' dir='ltr'>cruce</span> <span class='ocrx_word' id='word_1_195' title='bbox 297 2865 331 2925; x_wconf 89' lang='lat' dir='ltr'>et</span> <span class='ocrx_word' id='word_1_196' title='bbox 361 2863 541 2943; x_wconf 87' lang='lat' dir='ltr'>posuerunt</span> <span class='ocrx_word' id='word_1_197' title='bbox 571 2858 606 2923; x_wconf 95' lang='lat' dir='ltr'>in</span> <span class='ocrx_word' id='word_1_198' title='bbox 635 2862 848 2924; x_wconf 89' lang='lat' dir='ltr'>monumento</span> <span class='ocrx_word' id='word_1_199' title='bbox 879 2877 973 2925; x_wconf 84' lang='lat' dir='ltr'>novo.</span> <span class='ocrx_word' id='word_1_200' title='bbox 1025 2856 1141 2924; x_wconf 81' lang='lat' dir='ltr'>Tertia</span> <span class='ocrx_word' id='word_1_201' title='bbox 1170 2855 1280 2924; x_wconf 83' lang='lat' dir='ltr'>autem</span> <span class='ocrx_word' id='word_1_202' title='bbox 1311 2855 1363 2924; x_wconf 90' lang='lat' dir='ltr'>dis</span> 
     </span>
     <span class='ocr_line' id='line_1_23' title="bbox 168 2960 1363 3046; baseline -0.004 -13"><span class='ocrx_word' id='word_1_203' title='bbox 168 2967 349 3034; x_wconf 89' lang='lat' dir='ltr'>certissime</span> <span class='ocrx_word' id='word_1_204' title='bbox 377 2964 561 3031; x_wconf 85' lang='lat' dir='ltr'>resurrexit</span> <span class='ocrx_word' id='word_1_205' title='bbox 589 2985 609 3029; x_wconf 88' lang='lat' dir='ltr'>a</span> <span class='ocrx_word' id='word_1_206' title='bbox 636 2961 790 3044; x_wconf 87' lang='lat' dir='ltr'>mortuis,</span> <span class='ocrx_word' id='word_1_207' title='bbox 822 2966 856 3028; x_wconf 84' lang='lat' dir='ltr'>et</span> <span class='ocrx_word' id='word_1_208' title='bbox 882 2960 1107 3029; x_wconf 82' lang='lat' dir='ltr'>manifestavit</span> <span class='ocrx_word' id='word_1_209' title='bbox 1133 2983 1167 3029; x_wconf 86' lang='lat' dir='ltr'>ss</span> <span class='ocrx_word' id='word_1_210' title='bbox 1194 2960 1363 3046; x_wconf 90' lang='lat' dir='ltr'>discipulis</span> 
     </span>
     <span class='ocr_line' id='line_1_24' title="bbox 167 3063 1363 3150; baseline -0.003 -16"><span class='ocrx_word' id='word_1_211' title='bbox 167 3071 235 3136; x_wconf 87' lang='lat' dir='ltr'>suis</span> <span class='ocrx_word' id='word_1_212' title='bbox 261 3069 296 3134; x_wconf 91' lang='lat' dir='ltr'>in</span> <span class='ocrx_word' id='word_1_213' title='bbox 324 3068 438 3135; x_wconf 87' lang='lat' dir='ltr'>eadem</span> <span class='ocrx_word' id='word_1_214' title='bbox 467 3088 566 3133; x_wconf 87' lang='lat' dir='ltr'>carno</span> <span class='ocrx_word' id='word_1_215' title='bbox 591 3066 626 3132; x_wconf 92' lang='lat' dir='ltr'>in</span> <span class='ocrx_word' id='word_1_216' title='bbox 649 3087 715 3149; x_wconf 90' lang='lat' dir='ltr'>qua</span> <span class='ocrx_word' id='word_1_217' title='bbox 736 3070 834 3130; x_wconf 85' lang='lat' dir='ltr'>natus</span> <span class='ocrx_word' id='word_1_218' title='bbox 856 3063 974 3131; x_wconf 85' lang='lat' dir='ltr'>fuerat.</span> <span class='ocrx_word' id='word_1_219' title='bbox 1017 3063 1160 3131; x_wconf 81' lang='lat' dir='ltr'>Domum</span> <span class='ocrx_word' id='word_1_220' title='bbox 1187 3068 1265 3149; x_wconf 90' lang='lat' dir='ltr'>post</span> <span class='ocrx_word' id='word_1_221' title='bbox 1286 3087 1363 3150; x_wconf 88' lang='lat' dir='ltr'>qua·</span> 
     </span>
     <span class='ocr_line' id='line_1_25' title="bbox 168 3169 1364 3258; baseline -0.003 -17"><span class='ocrx_word' id='word_1_222' title='bbox 168 3174 320 3258; x_wconf 80' lang='lat' dir='ltr'>draginta</span> <span class='ocrx_word' id='word_1_223' title='bbox 347 3174 416 3240; x_wconf 88' lang='lat' dir='ltr'>dies</span> <span class='ocrx_word' id='word_1_224' title='bbox 447 3173 602 3239; x_wconf 86' lang='lat' dir='ltr'>viderunt</span> <span class='ocrx_word' id='word_1_225' title='bbox 632 3169 867 3237; x_wconf 84' lang='lat' dir='ltr'>ascendentem</span> <span class='ocrx_word' id='word_1_226' title='bbox 894 3169 930 3235; x_wconf 92' lang='lat' dir='ltr'>in</span> <span class='ocrx_word' id='word_1_227' title='bbox 961 3169 1099 3235; x_wconf 86' lang='lat' dir='ltr'>coelum.</span> <span class='ocrx_word' id='word_1_228' title='bbox 1150 3169 1261 3237; x_wconf 84' lang='lat' dir='ltr'>Multa</span> <span class='ocrx_word' id='word_1_229' title='bbox 1292 3170 1364 3254; x_wconf 89' lang='lat' dir='ltr'>qui·</span> 
     </span>
     <span class='ocr_line' id='line_1_26' title="bbox 168 3273 1363 3362; baseline -0.002 -19"><span class='ocrx_word' id='word_1_230' title='bbox 168 3278 242 3343; x_wconf 86' lang='lat' dir='ltr'>dem</span> <span class='ocrx_word' id='word_1_231' title='bbox 270 3283 304 3342; x_wconf 88' lang='lat' dir='ltr'>et</span> <span class='ocrx_word' id='word_1_232' title='bbox 331 3277 400 3342; x_wconf 87' lang='lat' dir='ltr'>alia</span> <span class='ocrx_word' id='word_1_233' title='bbox 427 3279 523 3362; x_wconf 86' lang='lat' dir='ltr'>signa</span> <span class='ocrx_word' id='word_1_234' title='bbox 549 3276 629 3342; x_wconf 87' lang='lat' dir='ltr'>fecit</span> <span class='ocrx_word' id='word_1_235' title='bbox 655 3275 750 3341; x_wconf 88' lang='lat' dir='ltr'>Iesus</span> <span class='ocrx_word' id='word_1_236' title='bbox 779 3278 856 3341; x_wconf 84' lang='lat' dir='ltr'>anto</span> <span class='ocrx_word' id='word_1_237' title='bbox 882 3273 1067 3359; x_wconf 85' lang='lat' dir='ltr'>passionom</span> <span class='ocrx_word' id='word_1_238' title='bbox 1095 3296 1187 3341; x_wconf 83' lang='lat' dir='ltr'>suam</span> <span class='ocrx_word' id='word_1_239' title='bbox 1216 3279 1248 3340; x_wconf 85' lang='lat' dir='ltr'>et</span> <span class='ocrx_word' id='word_1_240' title='bbox 1279 3280 1363 3359; x_wconf 90' lang='lat' dir='ltr'>post.</span> 
     </span>
    </p>
   </div>
   <div class='ocr_carea' id='block_1_4' title="bbox 167 3378 1363 3564">
    <p class='ocr_par' dir='ltr' id='par_1_4' title="bbox 167 3378 1363 3564">
     <span class='ocr_line' id='line_1_27' title="bbox 167 3378 1363 3465; baseline -0.002 -19"><span class='ocrx_word' id='word_1_241' title='bbox 167 3381 317 3446; x_wconf 92' lang='lat' dir='ltr'>Primum</span> <span class='ocrx_word' id='word_1_242' title='bbox 349 3381 389 3446; x_wconf 89' lang='lat' dir='ltr'>de</span> <span class='ocrx_word' id='word_1_243' title='bbox 425 3403 512 3465; x_wconf 88' lang='lat' dir='ltr'>aqua</span> <span class='ocrx_word' id='word_1_244' title='bbox 541 3381 652 3445; x_wconf 81' lang='lat' dir='ltr'>uinum</span> <span class='ocrx_word' id='word_1_245' title='bbox 686 3380 779 3460; x_wconf 86' lang='lat' dir='ltr'>fecit,</span> <span class='ocrx_word' id='word_1_246' title='bbox 815 3383 965 3445; x_wconf 90' lang='lat' dir='ltr'>mortuos</span> <span class='ocrx_word' id='word_1_247' title='bbox 995 3378 1179 3461; x_wconf 85' lang='lat' dir='ltr'>suscitavit,</span> <span class='ocrx_word' id='word_1_248' title='bbox 1215 3379 1363 3463; x_wconf 79' lang='lat' dir='ltr'>leprosos</span> 
     </span>
     <span class='ocr_line' id='line_1_28' title="bbox 167 3478 1363 3564; baseline -0.002 -17"><span class='ocrx_word' id='word_1_249' title='bbox 167 3481 352 3563; x_wconf 83' lang='lat' dir='ltr'>mundavit,</span> <span class='ocrx_word' id='word_1_250' title='bbox 389 3503 504 3547; x_wconf 86' lang='lat' dir='ltr'>caecos</span> <span class='ocrx_word' id='word_1_251' title='bbox 536 3480 749 3563; x_wconf 80' lang='lat' dir='ltr'>illuminavit,</span> <span class='ocrx_word' id='word_1_252' title='bbox 783 3480 985 3564; x_wconf 83' lang='lat' dir='ltr'>paralyticos</span> <span class='ocrx_word' id='word_1_253' title='bbox 1016 3479 1157 3562; x_wconf 85' lang='lat' dir='ltr'>curavit,</span> <span class='ocrx_word' id='word_1_254' title='bbox 1188 3478 1363 3546; x_wconf 86' lang='lat' dir='ltr'>daemones</span> 
     </span>
    </p>
   </div>
   <div class='ocr_carea' id='block_1_5' title="bbox 169 3581 1363 3669">
    <p class='ocr_par' dir='ltr' id='par_1_5' title="bbox 169 3581 1363 3669">
     <span class='ocr_line' id='line_1_29' title="bbox 169 3581 1363 3669; baseline -0.001 -19"><span class='ocrx_word' id='word_1_255' title='bbox 169 3585 309 3669; x_wconf 76' lang='lat' dir='ltr'>fugavit,</span> <span class='ocrx_word' id='word_1_256' title='bbox 340 3585 456 3651; x_wconf 84' lang='lat' dir='ltr'>surdos</span> <span class='ocrx_word' id='word_1_257' title='bbox 488 3584 601 3651; x_wconf 88' lang='lat' dir='ltr'>audire</span> <span class='ocrx_word' id='word_1_258' title='bbox 632 3584 727 3666; x_wconf 85' lang='lat' dir='ltr'>fecit,</span> <span class='ocrx_word' id='word_1_259' title='bbox 758 3590 866 3649; x_wconf 92' lang='lat' dir='ltr'>mutos</span> <span class='ocrx_word' id='word_1_260' title='bbox 896 3582 1004 3666; x_wconf 81' lang='lat' dir='ltr'>loqui3</span> <span class='ocrx_word' id='word_1_261' title='bbox 1034 3581 1199 3649; x_wconf 80' lang='lat' dir='ltr'>Lazarum</span> <span class='ocrx_word' id='word_1_262' title='bbox 1231 3582 1363 3667; x_wconf 83' lang='lat' dir='ltr'>quadri·</span> 
     </span>
    </p>
   </div>
   <div class='ocr_carea' id='block_1_6' title="bbox 167 3769 378 3779">
    <p class='ocr_par' dir='ltr' id='par_1_6' title="bbox 167 3769 378 3779">
     <span class='ocr_line' id='line_1_30' title="bbox 167 3769 378 3779; baseline -0.014 0"><span class='ocrx_word' id='word_1_263' title='bbox 167 3769 378 3779; x_wconf 44' lang='lat' dir='ltr'>‚flu-..—</span> 
     </span>
    </p>
   </div>
   <div class='ocr_carea' id='block_1_7' title="bbox 166 3856 1386 4805">
    <p class='ocr_par' dir='ltr' id='par_1_7' title="bbox 166 3856 1361 4023">
     <span class='ocr_line' id='line_1_31' title="bbox 252 3856 1361 3936; baseline -0.003 -15"><span class='ocrx_word' id='word_1_264' title='bbox 252 3873 293 3922; x_wconf 81' lang='lat'>28.</span> <span class='ocrx_word' id='word_1_265' title='bbox 317 3876 346 3922; x_wconf 79' lang='lat' dir='ltr'>at</span> <span class='ocrx_word' id='word_1_266' title='bbox 363 3871 459 3921; x_wconf 73' lang='lat' dir='ltr'>veniret</span> <span class='ocrx_word' id='word_1_267' title='bbox 477 3870 620 3936; x_wconf 82' lang='lat' dir='ltr'>adfaciem</span> <span class='ocrx_word' id='word_1_268' title='bbox 640 3885 670 3919; x_wconf 82' lang='lat' dir='ltr'>ex</span> <span class='ocrx_word' id='word_1_269' title='bbox 684 3869 754 3930; x_wconf 81' lang='lat' dir='ltr'>Vou;</span> <span class='ocrx_word' id='word_1_270' title='bbox 773 3868 838 3917; x_wconf 76' lang='grc' dir='ltr'>Δηὼ</span> <span class='ocrx_word' id='word_1_271' title='bbox 857 3882 912 3917; x_wconf 78' lang='lat' dir='ltr'>sesa</span> <span class='ocrx_word' id='word_1_272' title='bbox 929 3869 1014 3918; x_wconf 72' lang='lat' dir='ltr'>croire</span> <span class='ocrx_word' id='word_1_273' title='bbox 1032 3871 1092 3917; x_wconf 78' lang='lat' dir='ltr'>oste</span> <span class='ocrx_word' id='word_1_274' title='bbox 1107 3856 1262 3932; x_wconf 66' lang='lat' dir='ltr'>coispcctsm</span> <span class='ocrx_word' id='word_1_275' title='bbox 1273 3863 1361 3935; x_wconf 72' lang='lat' dir='ltr'>sema!</span> 
     </span>
     <span class='ocr_line' id='line_1_32' title="bbox 166 3956 1085 4023; baseline -0.008 -9"><span class='ocrx_word' id='word_1_276' title='bbox 166 3967 316 4014; x_wconf 77' lang='lat' dir='ltr'>sanaturum</span> <span class='ocrx_word' id='word_1_277' title='bbox 333 3959 432 4008; x_wconf 79' lang='lat' dir='ltr'>merle:</span> <span class='ocrx_word' id='word_1_278' title='bbox 457 3958 483 4006; x_wconf 90' lang='lat' dir='ltr'>in</span> <span class='ocrx_word' id='word_1_279' title='bbox 504 3959 562 4023; x_wconf 88' lang='lat' dir='ltr'>ipso</span> <span class='ocrx_word' id='word_1_280' title='bbox 581 3957 673 4008; x_wconf 85' lang='lat' dir='ltr'>codice</span> <span class='ocrx_word' id='word_1_281' title='bbox 693 3962 736 4008; x_wconf 87' lang='lat' dir='ltr'>est</span> <span class='ocrx_word' id='word_1_282' title='bbox 753 3957 889 4006; x_wconf 75' lang='lat' dir='ltr'>sanitatem</span> <span class='ocrx_word' id='word_1_283' title='bbox 906 3970 982 4019; x_wconf 75' lang='lat' dir='ltr'>seper</span> <span class='ocrx_word' id='word_1_284' title='bbox 998 3971 1036 4006; x_wconf 76' lang='lat' dir='ltr'>ms</span> <span class='ocrx_word' id='word_1_285' title='bbox 1053 3956 1085 4007; x_wconf 75' lang='lat' dir='ltr'>(lc</span> 
     </span>
    </p>

    <p class='ocr_par' dir='ltr' id='par_1_8' title="bbox 167 4041 1386 4279">
     <span class='ocr_line' id='line_1_33' title="bbox 254 4041 1386 4108; baseline -0.004 -12"><span class='ocrx_word' id='word_1_286' title='bbox 254 4047 328 4096; x_wconf 63' lang='lat' dir='ltr'>asir</span> <span class='ocrx_word' id='word_1_287' title='bbox 352 4045 390 4093; x_wconf 75' lang='lat' dir='ltr'>Ee</span> <span class='ocrx_word' id='word_1_288' title='bbox 411 4043 526 4093; x_wconf 72' lang='lat' dir='ltr'>liberius</span> <span class='ocrx_word' id='word_1_289' title='bbox 542 4043 617 4101; x_wconf 78' lang='lat' dir='ltr'>ealda</span> <span class='ocrx_word' id='word_1_290' title='bbox 632 4046 737 4108; x_wconf 73' lang='lat' dir='ltr'>panisus</span> <span class='ocrx_word' id='word_1_291' title='bbox 755 4048 800 4101; x_wconf 76' lang='lat' dir='ltr'>esi,</span> <span class='ocrx_word' id='word_1_292' title='bbox 818 4047 845 4093; x_wconf 83' lang='lat' dir='ltr'>st</span> <span class='ocrx_word' id='word_1_293' title='bbox 861 4043 981 4093; x_wconf 69' lang='lat' dir='ltr'>invitavit</span> <span class='ocrx_word' id='word_1_294' title='bbox 1003 4041 1166 4092; x_wconf 80' lang='lat' dir='ltr'>Volusianum</span> <span class='ocrx_word' id='word_1_295' title='bbox 1182 4047 1212 4093; x_wconf 75' lang='lat' dir='ltr'>ut</span> <span class='ocrx_word' id='word_1_296' title='bbox 1228 4043 1279 4093; x_wconf 79' lang='lat' dir='ltr'>cite</span> <span class='ocrx_word' id='word_1_297' title='bbox 1296 4043 1361 4093; x_wconf 78' lang='lat' dir='ltr'>ossi·</span> <span class='ocrx_word' id='word_1_298' title='bbox 1380 4043 1386 4057; x_wconf 87' lang='lat'>&#39;</span> 
     </span>
     <span class='ocr_line' id='line_1_34' title="bbox 167 4127 1362 4193; baseline -0.005 -10"><span class='ocrx_word' id='word_1_299' title='bbox 167 4139 206 4184; x_wconf 83' lang='lat' dir='ltr'>ret</span> <span class='ocrx_word' id='word_1_300' title='bbox 228 4134 263 4181; x_wconf 79' lang='lat' dir='ltr'>od</span> <span class='ocrx_word' id='word_1_301' title='bbox 287 4148 321 4179; x_wconf 80' lang='lat' dir='ltr'>so.</span> <span class='ocrx_word' id='word_1_302' title='bbox 360 4130 397 4177; x_wconf 75' lang='lat' dir='ltr'>m</span> <span class='ocrx_word' id='word_1_303' title='bbox 420 4129 507 4176; x_wconf 71' lang='lat' dir='ltr'>rtatim</span> <span class='ocrx_word' id='word_1_304' title='bbox 531 4130 700 4192; x_wconf 66' lang='lat' dir='ltr'>interruperit</span> <span class='ocrx_word' id='word_1_305' title='bbox 723 4145 777 4177; x_wconf 78' lang='lat' dir='ltr'>sess</span> <span class='ocrx_word' id='word_1_306' title='bbox 796 4129 857 4193; x_wconf 74' lang='lat' dir='ltr'>quid</span> <span class='ocrx_word' id='word_1_307' title='bbox 874 4127 1009 4177; x_wconf 77' lang='lat' dir='ltr'>inussisset</span> <span class='ocrx_word' id='word_1_308' title='bbox 1027 4129 1053 4175; x_wconf 84' lang='lat' dir='ltr'>ia</span> <span class='ocrx_word' id='word_1_309' title='bbox 1072 4128 1170 4176; x_wconf 74' lang='lat' dir='ltr'>ledaco</span> <span class='ocrx_word' id='word_1_310' title='bbox 1187 4129 1252 4192; x_wconf 72' lang='lat' dir='ltr'>qaod</span> <span class='ocrx_word' id='word_1_311' title='bbox 1269 4130 1362 4178; x_wconf 70' lang='lat' dir='ltr'>metus</span> 
     </span>
     <span class='ocr_line' id='line_1_35' title="bbox 168 4214 1247 4279; baseline -0.009 -8"><span class='ocrx_word' id='word_1_312' title='bbox 168 4220 329 4271; x_wconf 67' lang='lat' dir='ltr'>salvotorem</span> <span class='ocrx_word' id='word_1_313' title='bbox 346 4216 386 4266; x_wconf 79' lang='lat' dir='ltr'>vel</span> <span class='ocrx_word' id='word_1_314' title='bbox 403 4215 544 4278; x_wconf 71' lang='lat' dir='ltr'>ds&#39;scr&#39;pelos</span> <span class='ocrx_word' id='word_1_315' title='bbox 561 4219 628 4272; x_wconf 61' lang='lat' dir='ltr'>siun</span> <span class='ocrx_word' id='word_1_316' title='bbox 653 4230 715 4279; x_wconf 74' lang='lat' dir='ltr'>repo</span> <span class='ocrx_word' id='word_1_317' title='bbox 733 4219 758 4264; x_wconf 78' lang='lat' dir='ltr'>ts</span> <span class='ocrx_word' id='word_1_318' title='bbox 775 4221 804 4264; x_wconf 75' lang='lat' dir='ltr'>ut</span> <span class='ocrx_word' id='word_1_319' title='bbox 822 4215 848 4264; x_wconf 84' lang='lat' dir='ltr'>id</span> <span class='ocrx_word' id='word_1_320' title='bbox 867 4230 937 4264; x_wconf 78' lang='lat' dir='ltr'>omas</span> <span class='ocrx_word' id='word_1_321' title='bbox 954 4214 1027 4263; x_wconf 75' lang='lat' dir='ltr'>dicae</span> <span class='ocrx_word' id='word_1_322' title='bbox 1044 4215 1113 4263; x_wconf 79' lang='lat' dir='ltr'>midi.</span> <span class='ocrx_word' id='word_1_323' title='bbox 1244 4272 1247 4279; x_wconf 19' lang='grc' dir='ltr'><strong>ν</strong></span> 
     </span>
    </p>

    <p class='ocr_par' dir='ltr' id='par_1_9' title="bbox 167 4297 1361 4629">
     <span class='ocr_line' id='line_1_36' title="bbox 252 4297 1361 4368; baseline -0.004 -13"><span class='ocrx_word' id='word_1_324' title='bbox 252 4309 294 4355; x_wconf 78' lang='lat'>29.</span> <span class='ocrx_word' id='word_1_325' title='bbox 326 4304 403 4353; x_wconf 76' lang='lat' dir='ltr'>Dicit</span> <span class='ocrx_word' id='word_1_326' title='bbox 421 4307 504 4352; x_wconf 79' lang='lat' dir='ltr'>ostem</span> <span class='ocrx_word' id='word_1_327' title='bbox 520 4327 530 4338; x_wconf 94' lang='lat'><strong>·</strong></span> <span class='ocrx_word' id='word_1_328' title='bbox 548 4303 592 4351; x_wconf 77' lang='lat' dir='ltr'>seb</span> <span class='ocrx_word' id='word_1_329' title='bbox 608 4302 669 4368; x_wconf 68' lang='lat' dir='ltr'>sida</span> <span class='ocrx_word' id='word_1_330' title='bbox 690 4301 820 4351; x_wconf 76' lang='lat' dir='ltr'>custodio:</span> <span class='ocrx_word' id='word_1_331' title='bbox 845 4301 887 4350; x_wconf 91' lang='lat' dir='ltr'>his</span> <span class='ocrx_word' id='word_1_332' title='bbox 906 4300 972 4350; x_wconf 87' lang='lat' dir='ltr'>satis</span> <span class='ocrx_word' id='word_1_333' title='bbox 991 4299 1136 4364; x_wconf 84' lang='lat' dir='ltr'>respoudet</span> <span class='ocrx_word' id='word_1_334' title='bbox 1154 4297 1236 4350; x_wconf 79' lang='lat' dir='ltr'>ASsx.</span> <span class='ocrx_word' id='word_1_335' title='bbox 1271 4300 1361 4351; x_wconf 85' lang='lat' dir='ltr'>&#39;litum</span> 
     </span>
     <span class='ocr_line' id='line_1_37' title="bbox 167 4383 1361 4455; baseline -0.008 -9"><span class='ocrx_word' id='word_1_336' title='bbox 167 4395 236 4446; x_wconf 85' lang='lat' dir='ltr'>enirn</span> <span class='ocrx_word' id='word_1_337' title='bbox 257 4397 285 4442; x_wconf 88' lang='lat' dir='ltr'>et</span> <span class='ocrx_word' id='word_1_338' title='bbox 304 4389 496 4455; x_wconf 77' lang='lat' dir='ltr'>Vespasianum</span> <span class='ocrx_word' id='word_1_339' title='bbox 516 4387 676 4437; x_wconf 70' lang='lat' dir='ltr'>Volusianus</span> <span class='ocrx_word' id='word_1_340' title='bbox 700 4385 768 4437; x_wconf 89' lang='lat' dir='ltr'>dicit</span> <span class='ocrx_word' id='word_1_341' title='bbox 790 4385 959 4437; x_wconf 82' lang='lat' dir='ltr'>fidelissimos</span> <span class='ocrx_word' id='word_1_342' title='bbox 983 4400 1059 4451; x_wconf 77' lang='lat' dir='ltr'>roges</span> <span class='ocrx_word' id='word_1_343' title='bbox 1082 4383 1208 4442; x_wconf 65' lang='lat' dir='ltr'>vicariam</span> <span class='ocrx_word' id='word_1_344' title='bbox 1232 4385 1361 4452; x_wconf 75' lang='lat' dir='ltr'>guberna·</span> 
     </span>
     <span class='ocr_line' id='line_1_38' title="bbox 169 4470 1361 4542; baseline -0.007 -11"><span class='ocrx_word' id='word_1_345' title='bbox 169 4489 252 4532; x_wconf 87' lang='lat' dir='ltr'>torem</span> <span class='ocrx_word' id='word_1_346' title='bbox 265 4479 380 4530; x_wconf 82' lang='lat' dir='ltr'>Iudaeae</span> <span class='ocrx_word' id='word_1_347' title='bbox 395 4490 562 4542; x_wconf 86' lang='lat' dir='ltr'>suspensum,</span> <span class='ocrx_word' id='word_1_348' title='bbox 581 4472 724 4538; x_wconf 83' lang='lat' dir='ltr'>Caispham</span> <span class='ocrx_word' id='word_1_349' title='bbox 741 4477 769 4523; x_wconf 85' lang='lat' dir='ltr'>et</span> <span class='ocrx_word' id='word_1_350' title='bbox 782 4472 939 4523; x_wconf 76' lang='lat' dir='ltr'>Archelaum</span> <span class='ocrx_word' id='word_1_351' title='bbox 952 4470 1096 4537; x_wconf 76' lang='lat' dir='ltr'>lapidatos,</span> <span class='ocrx_word' id='word_1_352' title='bbox 1114 4470 1229 4521; x_wconf 84' lang='lat' dir='ltr'>Pilatum</span> <span class='ocrx_word' id='word_1_353' title='bbox 1248 4471 1361 4538; x_wconf 73' lang='lat' dir='ltr'>ligatum</span> 
     </span>
     <span class='ocr_line' id='line_1_39' title="bbox 168 4558 1145 4629; baseline -0.011 -9"><span class='ocrx_word' id='word_1_354' title='bbox 168 4571 195 4620; x_wconf 91' lang='lat' dir='ltr'>in</span> <span class='ocrx_word' id='word_1_355' title='bbox 214 4570 301 4618; x_wconf 82' lang='lat' dir='ltr'>ferrea</span> <span class='ocrx_word' id='word_1_356' title='bbox 320 4580 401 4616; x_wconf 79' lang='lat' dir='ltr'>caves</span> <span class='ocrx_word' id='word_1_357' title='bbox 418 4563 535 4629; x_wconf 88' lang='lat' dir='ltr'>positum</span> <span class='ocrx_word' id='word_1_358' title='bbox 556 4566 584 4611; x_wconf 86' lang='lat' dir='ltr'>st</span> <span class='ocrx_word' id='word_1_359' title='bbox 602 4561 630 4611; x_wconf 91' lang='lat' dir='ltr'>in</span> <span class='ocrx_word' id='word_1_360' title='bbox 648 4561 714 4610; x_wconf 86' lang='lat' dir='ltr'>urbs</span> <span class='ocrx_word' id='word_1_361' title='bbox 733 4560 863 4610; x_wconf 81' lang='lat' dir='ltr'>Damasco</span> <span class='ocrx_word' id='word_1_362' title='bbox 882 4573 987 4609; x_wconf 86' lang='lat' dir='ltr'>carcere</span> <span class='ocrx_word' id='word_1_363' title='bbox 1006 4558 1145 4609; x_wconf 87' lang='lat' dir='ltr'>inclusum.</span> 
     </span>
    </p>

    <p class='ocr_par' dir='ltr' id='par_1_10' title="bbox 183 4642 1362 4805">
     <span class='ocr_line' id='line_1_40' title="bbox 255 4642 1360 4711; baseline -0.008 -8"><span class='ocrx_word' id='word_1_364' title='bbox 255 4655 305 4703; x_wconf 77' lang='lat' dir='ltr'>Sal</span> <span class='ocrx_word' id='word_1_365' title='bbox 329 4654 405 4700; x_wconf 61' lang='lat' dir='ltr'>otwin</span> <span class='ocrx_word' id='word_1_366' title='bbox 421 4651 453 4699; x_wconf 79' lang='lat' dir='ltr'>‹ls</span> <span class='ocrx_word' id='word_1_367' title='bbox 472 4649 530 4698; x_wconf 82' lang='lat' dir='ltr'>Iesu</span> <span class='ocrx_word' id='word_1_368' title='bbox 553 4648 661 4711; x_wconf 72' lang='lat' dir='ltr'>comperi</span> <span class='ocrx_word' id='word_1_369' title='bbox 686 4645 808 4710; x_wconf 75' lang='lat' dir='ltr'>(eonsperi</span> <span class='ocrx_word' id='word_1_370' title='bbox 830 4644 863 4696; x_wconf 91' lang='lat' dir='ltr'>de</span> <span class='ocrx_word' id='word_1_371' title='bbox 882 4646 1035 4695; x_wconf 81' lang='lat' dir='ltr'>conicetur-s</span> <span class='ocrx_word' id='word_1_372' title='bbox 1053 4642 1156 4707; x_wconf 73' lang='lat' dir='ltr'>addidi)</span> <span class='ocrx_word' id='word_1_373' title='bbox 1176 4650 1236 4708; x_wconf 77' lang='lat' dir='ltr'>post</span> <span class='ocrx_word' id='word_1_374' title='bbox 1259 4643 1299 4709; x_wconf 89' lang='lat' dir='ltr'>(in</span> <span class='ocrx_word' id='word_1_375' title='bbox 1319 4660 1360 4694; x_wconf 86' lang='lat' dir='ltr'>co·</span> 
     </span>
     <span class='ocr_line' id='line_1_41' title="bbox 183 4731 1362 4805; baseline -0.01 -12"><span class='ocrx_word' id='word_1_376' title='bbox 183 4743 243 4793; x_wconf 86' lang='lat' dir='ltr'>dice</span> <span class='ocrx_word' id='word_1_377' title='bbox 267 4745 309 4791; x_wconf 81' lang='lat' dir='ltr'>cst</span> <span class='ocrx_word' id='word_1_378' title='bbox 330 4737 390 4805; x_wconf 74' lang='lat' dir='ltr'>per)</span> <span class='ocrx_word' id='word_1_379' title='bbox 415 4735 591 4802; x_wconf 59' lang='lat' dir='ltr'>quadraginta</span> <span class='ocrx_word' id='word_1_380' title='bbox 613 4735 668 4785; x_wconf 80' lang='lat' dir='ltr'>dies</span> <span class='ocrx_word' id='word_1_381' title='bbox 685 4760 695 4771; x_wconf 94' lang='lat'>·</span> <span class='ocrx_word' id='word_1_382' title='bbox 712 4749 801 4784; x_wconf 66' lang='lat' dir='ltr'>sanese</span> <span class='ocrx_word' id='word_1_383' title='bbox 815 4734 899 4799; x_wconf 78' lang='lat' dir='ltr'>serit:</span> <span class='ocrx_word' id='word_1_384' title='bbox 924 4732 990 4784; x_wconf 86' lang='lat' dir='ltr'>hssc</span> <span class='ocrx_word' id='word_1_385' title='bbox 1013 4747 1044 4782; x_wconf 78' lang='lat' dir='ltr'>ss</span> <span class='ocrx_word' id='word_1_386' title='bbox 1064 4732 1167 4782; x_wconf 85' lang='lat' dir='ltr'>Veneto</span> <span class='ocrx_word' id='word_1_387' title='bbox 1188 4731 1276 4796; x_wconf 81' lang='lat' dir='ltr'>petits</span> <span class='ocrx_word' id='word_1_388' title='bbox 1293 4732 1362 4782; x_wconf 84' lang='lat' dir='ltr'>malt</span> 
     </span>
    </p>
   </div>
   <div class='ocr_carea' id='block_1_8' title="bbox 1097 4832 1150 4885">
    <p class='ocr_par' dir='ltr' id='par_1_11' title="bbox 1097 4832 1150 4885">
     <span class='ocr_line' id='line_1_42' title="bbox 1097 4832 1150 4885; baseline -0.019 0"><span class='ocrx_word' id='word_1_389' title='bbox 1097 4832 1150 4885; x_wconf 72' lang='lat'>³1*</span> 
     </span>
    </p>
   </div>
   <div class='ocr_carea' id='block_1_9' title="bbox 0 0 1734 5640">
    <p class='ocr_par' dir='ltr' id='par_1_12' title="bbox 0 0 1734 5640">
     <span class='ocr_line' id='line_1_43' title="bbox 0 0 1734 5640; baseline 0 0"><span class='ocrx_word' id='word_1_390' title='bbox 0 0 1734 5640; x_wconf 95' lang='lat' dir='ltr'> </span> 
     </span>
    </p>
   </div>
  </div>
 </body>
</html>
