<?xml version="1.0" encoding="UTF-8"?>
<!DOCTYPE html PUBLIC "-//W3C//DTD XHTML 1.0 Transitional//EN"
    "http://www.w3.org/TR/xhtml1/DTD/xhtml1-transitional.dtd">
<html xmlns="http://www.w3.org/1999/xhtml" xml:lang="en" lang="en">
 <head>
  <title>
</title>
<meta http-equiv="Content-Type" content="text/html;charset=utf-8" />
  <meta name='ocr-system' content='tesseract 3.04.00' />
  <meta name='ocr-capabilities' content='ocr_page ocr_carea ocr_par ocr_line ocrx_word'/>
</head>
<body>
  <div class='ocr_page' id='page_1' title='image "./evangeliaapocry02tiscgoog_0524.png"; bbox 0 0 3458 5640; ppageno 0'>
   <div class='ocr_carea' id='block_1_1' title="bbox 479 596 1468 662">
    <p class='ocr_par' dir='ltr' id='par_1_1' title="bbox 479 596 1468 662">
     <span class='ocr_line' id='line_1_1' title="bbox 479 596 1468 662; baseline 0.004 -15"><span class='ocrx_word' id='word_1_1' title='bbox 479 596 682 649; x_wconf 70' lang='lat' dir='ltr'>DESCENSUS</span> <span class='ocrx_word' id='word_1_2' title='bbox 702 597 845 649; x_wconf 76' lang='lat' dir='ltr'>CHRISTI</span> <span class='ocrx_word' id='word_1_3' title='bbox 863 600 910 648; x_wconf 77' lang='lat' dir='ltr'><strong>Al)</strong></span> <span class='ocrx_word' id='word_1_4' title='bbox 930 597 1090 650; x_wconf 69' lang='lat' dir='ltr'><strong>lusuros</strong></span> <span class='ocrx_word' id='word_1_5' title='bbox 1119 598 1166 648; x_wconf 82' lang='lat' dir='ltr'><strong>Xl.</strong></span> <span class='ocrx_word' id='word_1_6' title='bbox 1187 599 1248 648; x_wconf 86' lang='lat' dir='ltr'><strong>llll.</strong></span> <span class='ocrx_word' id='word_1_7' title='bbox 1405 598 1468 662; x_wconf 83' lang='grc'><strong>409</strong></span> 
     </span>
    </p>
   </div>
   <div class='ocr_carea' id='block_1_2' title="bbox 267 746 1492 1148">
    <p class='ocr_par' dir='ltr' id='par_1_2' title="bbox 267 746 1492 1148">
     <span class='ocr_line' id='line_1_2' title="bbox 269 746 1492 833; baseline -0.001 -18"><span class='ocrx_word' id='word_1_8' title='bbox 269 771 396 832; x_wconf 84' lang='lat' dir='ltr'><strong>eorum,</strong></span> <span class='ocrx_word' id='word_1_9' title='bbox 425 749 537 815; x_wconf 85' lang='lat' dir='ltr'><strong>statim</strong></span> <span class='ocrx_word' id='word_1_10' title='bbox 565 748 687 832; x_wconf 81' lang='lat' dir='ltr'><strong>Ioseph</strong></span> <span class='ocrx_word' id='word_1_11' title='bbox 717 754 751 813; x_wconf 89' lang='lat' dir='ltr'><strong>ot</strong></span> <span class='ocrx_word' id='word_1_12' title='bbox 777 746 979 814; x_wconf 84' lang='lat' dir='ltr'><strong>Nicodamus</strong></span> <span class='ocrx_word' id='word_1_13' title='bbox 1008 748 1290 814; x_wconf 80' lang='lat' dir='ltr'><strong>annuntiaverunt</strong></span> <span class='ocrx_word' id='word_1_14' title='bbox 1317 748 1492 833; x_wconf 79' lang='lat' dir='ltr'><strong>praesidi</strong></span> 
     </span>
     <span class='ocr_line' id='line_1_3' title="bbox 268 853 1469 940; baseline -0.002 -19"><span class='ocrx_word' id='word_1_15' title='bbox 268 857 314 921; x_wconf 80' lang='lat' dir='ltr'><strong>Et</strong></span> <span class='ocrx_word' id='word_1_16' title='bbox 345 855 414 940; x_wconf 88' lang='lat' dir='ltr'><strong>ipsc</strong></span> <span class='ocrx_word' id='word_1_17' title='bbox 437 854 568 920; x_wconf 79' lang='lat' dir='ltr'>Pilatus</span> <span class='ocrx_word' id='word_1_18' title='bbox 601 853 735 937; x_wconf 82' lang='lat' dir='ltr'>scripsit</span> <span class='ocrx_word' id='word_1_19' title='bbox 768 854 879 918; x_wconf 89' lang='lat' dir='ltr'><strong>omnia</strong></span> <span class='ocrx_word' id='word_1_20' title='bbox 906 874 991 937; x_wconf 89' lang='lat' dir='ltr'><strong>quae</strong></span> <span class='ocrx_word' id='word_1_21' title='bbox 1023 859 1118 938; x_wconf 85' lang='lat' dir='ltr'><strong>gesta</strong></span> <span class='ocrx_word' id='word_1_22' title='bbox 1146 859 1179 918; x_wconf 88' lang='lat' dir='ltr'><strong>at</strong></span> <span class='ocrx_word' id='word_1_23' title='bbox 1208 854 1298 919; x_wconf 87' lang='lat' dir='ltr'><strong>dicta</strong></span> <span class='ocrx_word' id='word_1_24' title='bbox 1325 860 1402 919; x_wconf 90' lang='lat' dir='ltr'><strong>sunt</strong></span> <span class='ocrx_word' id='word_1_25' title='bbox 1429 853 1469 920; x_wconf 90' lang='lat' dir='ltr'><strong>de</strong></span> 
     </span>
     <span class='ocr_line' id='line_1_4' title="bbox 267 957 1468 1044; baseline 0 -18"><span class='ocrx_word' id='word_1_26' title='bbox 267 962 344 1027; x_wconf 78' lang='lat' dir='ltr'><strong>lesu</strong></span> <span class='ocrx_word' id='word_1_27' title='bbox 372 959 563 1043; x_wconf 82' lang='lat' dir='ltr'><strong>aIudaeis,</strong></span> <span class='ocrx_word' id='word_1_28' title='bbox 593 965 627 1025; x_wconf 90' lang='lat' dir='ltr'><strong>et</strong></span> <span class='ocrx_word' id='word_1_29' title='bbox 653 959 765 1042; x_wconf 81' lang='lat' dir='ltr'><strong>posuit</strong></span> <span class='ocrx_word' id='word_1_30' title='bbox 793 958 904 1023; x_wconf 88' lang='lat' dir='ltr'><strong>omnia</strong></span> <span class='ocrx_word' id='word_1_31' title='bbox 926 957 1029 1025; x_wconf 85' lang='lat' dir='ltr'><strong>verba</strong></span> <span class='ocrx_word' id='word_1_32' title='bbox 1056 959 1089 1024; x_wconf 90' lang='lat' dir='ltr'><strong>in</strong></span> <span class='ocrx_word' id='word_1_33' title='bbox 1119 958 1287 1026; x_wconf 85' lang='lat' dir='ltr'><strong>codicibus</strong></span> <span class='ocrx_word' id='word_1_34' title='bbox 1309 961 1468 1044; x_wconf 84' lang='lat' dir='ltr'><strong>praetorii</strong></span> 
     </span>
     <span class='ocr_line' id='line_1_5' title="bbox 268 1062 489 1148; baseline -0.014 -18"><span class='ocrx_word' id='word_1_35' title='bbox 268 1066 318 1130; x_wconf 90' lang='lat' dir='ltr'><strong>sui</strong></span> <span class='ocrx_word' id='word_1_36' title='bbox 341 1062 489 1148; x_wconf 87' lang='lat' dir='ltr'><strong>publicis.</strong></span> 
     </span>
    </p>
   </div>
   <div class='ocr_carea' id='block_1_3' title="bbox 637 1198 1101 1285">
    <p class='ocr_par' dir='ltr' id='par_1_3' title="bbox 637 1198 1101 1285">
     <span class='ocr_line' id='line_1_6' title="bbox 637 1198 1101 1285; baseline 0 -19"><span class='ocrx_word' id='word_1_37' title='bbox 637 1198 755 1266; x_wconf 72' lang='lat' dir='ltr'><strong>Carus</strong></span> <span class='ocrx_word' id='word_1_38' title='bbox 778 1199 862 1264; x_wconf 91' lang='lat' dir='ltr'>XII.</span> <span class='ocrx_word' id='word_1_39' title='bbox 900 1200 1101 1285; x_wconf 86' lang='lat' dir='ltr'>(XXVIH.)</span> 
     </span>
    </p>
   </div>
   <div class='ocr_carea' id='block_1_4' title="bbox 265 1317 1471 2845">
    <p class='ocr_par' dir='ltr' id='par_1_4' title="bbox 265 1317 1471 2845">
     <span class='ocr_line' id='line_1_7' title="bbox 352 1317 1469 1402; baseline 0.004 -19"><span class='ocrx_word' id='word_1_40' title='bbox 352 1319 517 1384; x_wconf 86' lang='lat' dir='ltr'><strong>Posthaoo</strong></span> <span class='ocrx_word' id='word_1_41' title='bbox 549 1319 718 1400; x_wconf 81' lang='lat' dir='ltr'><strong>ingressus</strong></span> <span class='ocrx_word' id='word_1_42' title='bbox 746 1317 878 1383; x_wconf 81' lang='lat' dir='ltr'><strong>Pilatus</strong></span> <span class='ocrx_word' id='word_1_43' title='bbox 910 1318 1069 1401; x_wconf 86' lang='lat' dir='ltr'><strong>templum</strong></span> <span class='ocrx_word' id='word_1_44' title='bbox 1099 1318 1302 1384; x_wconf 85' lang='lat' dir='ltr'><strong>Iudaeorum</strong></span> <span class='ocrx_word' id='word_1_45' title='bbox 1334 1340 1469 1402; x_wconf 84' lang='lat' dir='ltr'><strong>congre·</strong></span> 
     </span>
     <span class='ocr_line' id='line_1_8' title="bbox 266 1421 1469 1503; baseline 0.002 -17"><span class='ocrx_word' id='word_1_46' title='bbox 266 1423 358 1503; x_wconf 75' lang='lat' dir='ltr'><strong>gavit</strong></span> <span class='ocrx_word' id='word_1_47' title='bbox 385 1444 497 1485; x_wconf 84' lang='lat' dir='ltr'><strong>omncs</strong></span> <span class='ocrx_word' id='word_1_48' title='bbox 525 1421 693 1502; x_wconf 89' lang='lat' dir='ltr'><strong>principos</strong></span> <span class='ocrx_word' id='word_1_49' title='bbox 722 1421 931 1486; x_wconf 84' lang='lat' dir='ltr'><strong>sacerdotum</strong></span> <span class='ocrx_word' id='word_1_50' title='bbox 959 1426 992 1484; x_wconf 84' lang='lat' dir='ltr'><strong>ot</strong></span> <span class='ocrx_word' id='word_1_51' title='bbox 1021 1423 1255 1503; x_wconf 81' lang='lat' dir='ltr'><strong>grammaticos</strong></span> <span class='ocrx_word' id='word_1_52' title='bbox 1283 1428 1317 1486; x_wconf 90' lang='lat' dir='ltr'><strong>et</strong></span> <span class='ocrx_word' id='word_1_53' title='bbox 1343 1421 1469 1488; x_wconf 80' lang='lat' dir='ltr'><strong>scribas</strong></span> 
     </span>
     <span class='ocr_line' id='line_1_9' title="bbox 267 1523 1470 1609; baseline -0.001 -19"><span class='ocrx_word' id='word_1_54' title='bbox 267 1532 300 1590; x_wconf 88' lang='lat' dir='ltr'><strong>et</strong></span> <span class='ocrx_word' id='word_1_55' title='bbox 321 1524 580 1608; x_wconf 81' lang='lat' dir='ltr'><strong>legisdoctores,</strong></span> <span class='ocrx_word' id='word_1_56' title='bbox 605 1530 638 1589; x_wconf 89' lang='lat' dir='ltr'><strong>et</strong></span> <span class='ocrx_word' id='word_1_57' title='bbox 661 1525 829 1607; x_wconf 82' lang='lat' dir='ltr'><strong>ingressus</strong></span> <span class='ocrx_word' id='word_1_58' title='bbox 853 1529 903 1589; x_wconf 90' lang='lat' dir='ltr'><strong>est</strong></span> <span class='ocrx_word' id='word_1_59' title='bbox 925 1523 1071 1589; x_wconf 86' lang='lat' dir='ltr'><strong>cumeis</strong></span> <span class='ocrx_word' id='word_1_60' title='bbox 1093 1525 1128 1589; x_wconf 94' lang='lat' dir='ltr'><strong>in</strong></span> <span class='ocrx_word' id='word_1_61' title='bbox 1147 1525 1331 1591; x_wconf 87' lang='lat' dir='ltr'><strong>sacrarium</strong></span> <span class='ocrx_word' id='word_1_62' title='bbox 1346 1525 1470 1609; x_wconf 85' lang='lat' dir='ltr'><strong>templi,</strong></span> 
     </span>
     <span class='ocr_line' id='line_1_10' title="bbox 267 1626 1469 1713; baseline 0.001 -20"><span class='ocrx_word' id='word_1_63' title='bbox 267 1633 301 1694; x_wconf 87' lang='lat' dir='ltr'><strong>et</strong></span> <span class='ocrx_word' id='word_1_64' title='bbox 322 1629 432 1693; x_wconf 89' lang='lat' dir='ltr'><strong>iussus</strong></span> <span class='ocrx_word' id='word_1_65' title='bbox 455 1634 493 1693; x_wconf 92' lang='lat' dir='ltr'><strong>ut</strong></span> <span class='ocrx_word' id='word_1_66' title='bbox 515 1649 628 1693; x_wconf 89' lang='lat' dir='ltr'><strong>omnes</strong></span> <span class='ocrx_word' id='word_1_67' title='bbox 651 1629 772 1694; x_wconf 83' lang='lat' dir='ltr'><strong>ianuae</strong></span> <span class='ocrx_word' id='word_1_68' title='bbox 795 1626 1038 1713; x_wconf 80' lang='lat' dir='ltr'><strong>clauderentur,</strong></span> <span class='ocrx_word' id='word_1_69' title='bbox 1062 1634 1096 1694; x_wconf 91' lang='lat' dir='ltr'><strong>et</strong></span> <span class='ocrx_word' id='word_1_70' title='bbox 1119 1628 1202 1694; x_wconf 88' lang='lat' dir='ltr'><strong>dixit</strong></span> <span class='ocrx_word' id='word_1_71' title='bbox 1224 1630 1284 1695; x_wconf 86' lang='lat' dir='ltr'><strong>eis:</strong></span> <span class='ocrx_word' id='word_1_72' title='bbox 1306 1630 1469 1696; x_wconf 77' lang='lat' dir='ltr'><strong>Auditum</strong></span> 
     </span>
     <span class='ocr_line' id='line_1_11' title="bbox 265 1732 1468 1818; baseline -0.001 -19"><span class='ocrx_word' id='word_1_73' title='bbox 265 1733 426 1801; x_wconf 90' lang='lat' dir='ltr'><strong>habemus</strong></span> <span class='ocrx_word' id='word_1_74' title='bbox 443 1732 530 1818; x_wconf 91' lang='lat' dir='ltr'><strong>quod</strong></span> <span class='ocrx_word' id='word_1_75' title='bbox 552 1733 720 1816; x_wconf 89' lang='lat' dir='ltr'><strong>quandam</strong></span> <span class='ocrx_word' id='word_1_76' title='bbox 742 1754 897 1818; x_wconf 85' lang='lat' dir='ltr'><strong>magnam</strong></span> <span class='ocrx_word' id='word_1_77' title='bbox 919 1733 1158 1799; x_wconf 84' lang='lat' dir='ltr'><strong>bibliothecam</strong></span> <span class='ocrx_word' id='word_1_78' title='bbox 1179 1732 1310 1800; x_wconf 89' lang='lat' dir='ltr'><strong>habetis</strong></span> <span class='ocrx_word' id='word_1_79' title='bbox 1332 1735 1366 1800; x_wconf 92' lang='lat' dir='ltr'><strong>in</strong></span> <span class='ocrx_word' id='word_1_80' title='bbox 1388 1739 1468 1800; x_wconf 85' lang='lat' dir='ltr'><strong>tam-</strong></span> 
     </span>
     <span class='ocr_line' id='line_1_12' title="bbox 267 1836 1471 1921; baseline 0 -19"><span class='ocrx_word' id='word_1_81' title='bbox 267 1837 321 1920; x_wconf 93' lang='lat' dir='ltr'><strong>plo</strong></span> <span class='ocrx_word' id='word_1_82' title='bbox 350 1837 432 1902; x_wconf 89' lang='lat' dir='ltr'><strong>isto:</strong></span> <span class='ocrx_word' id='word_1_83' title='bbox 462 1841 600 1921; x_wconf 92' lang='lat' dir='ltr'><strong>propter</strong></span> <span class='ocrx_word' id='word_1_84' title='bbox 628 1836 690 1900; x_wconf 92' lang='lat' dir='ltr'><strong>hoc</strong></span> <span class='ocrx_word' id='word_1_85' title='bbox 712 1858 792 1921; x_wconf 83' lang='lat' dir='ltr'><strong>rogo</strong></span> <span class='ocrx_word' id='word_1_86' title='bbox 815 1858 872 1902; x_wconf 86' lang='lat' dir='ltr'><strong>vos</strong></span> <span class='ocrx_word' id='word_1_87' title='bbox 895 1841 932 1900; x_wconf 94' lang='lat' dir='ltr'><strong>ut</strong></span> <span class='ocrx_word' id='word_1_88' title='bbox 956 1842 1033 1902; x_wconf 87' lang='lat' dir='ltr'><strong>ante</strong></span> <span class='ocrx_word' id='word_1_89' title='bbox 1056 1859 1116 1902; x_wconf 91' lang='lat' dir='ltr'><strong>nos</strong></span> <span class='ocrx_word' id='word_1_90' title='bbox 1138 1842 1379 1921; x_wconf 84' lang='lat' dir='ltr'><strong>praesentetur.</strong></span> <span class='ocrx_word' id='word_1_91' title='bbox 1423 1838 1471 1902; x_wconf 83' lang='lat' dir='ltr'><strong>Et</strong></span> 
     </span>
     <span class='ocr_line' id='line_1_13' title="bbox 269 1937 1469 2021; baseline 0.003 -19"><span class='ocrx_word' id='word_1_92' title='bbox 269 1960 341 2003; x_wconf 91' lang='lat' dir='ltr'><strong>cum</strong></span> <span class='ocrx_word' id='word_1_93' title='bbox 372 1943 609 2021; x_wconf 81' lang='lat' dir='ltr'><strong>apportaretur</strong></span> <span class='ocrx_word' id='word_1_94' title='bbox 637 1939 710 2021; x_wconf 90' lang='lat' dir='ltr'><strong>ipsa</strong></span> <span class='ocrx_word' id='word_1_95' title='bbox 739 1937 940 2003; x_wconf 88' lang='lat' dir='ltr'><strong>bibliotheca</strong></span> <span class='ocrx_word' id='word_1_96' title='bbox 968 1961 988 2002; x_wconf 89' lang='lat' dir='ltr'><strong>a</strong></span> <span class='ocrx_word' id='word_1_97' title='bbox 1012 1943 1172 2021; x_wconf 87' lang='lat' dir='ltr'><strong>quattuor</strong></span> <span class='ocrx_word' id='word_1_98' title='bbox 1199 1940 1360 2005; x_wconf 89' lang='lat' dir='ltr'><strong>ministris</strong></span> <span class='ocrx_word' id='word_1_99' title='bbox 1388 1961 1469 2006; x_wconf 87' lang='lat' dir='ltr'><strong>auro</strong></span> 
     </span>
     <span class='ocr_line' id='line_1_14' title="bbox 269 2041 1470 2126; baseline 0.002 -19"><span class='ocrx_word' id='word_1_100' title='bbox 269 2048 302 2107; x_wconf 85' lang='lat' dir='ltr'><strong>et</strong></span> <span class='ocrx_word' id='word_1_101' title='bbox 325 2043 462 2126; x_wconf 80' lang='lat' dir='ltr'><strong>gemmis</strong></span> <span class='ocrx_word' id='word_1_102' title='bbox 485 2043 641 2124; x_wconf 87' lang='lat' dir='ltr'><strong>pretiosis</strong></span> <span class='ocrx_word' id='word_1_103' title='bbox 664 2048 798 2125; x_wconf 90' lang='lat' dir='ltr'><strong>ornata,</strong></span> <span class='ocrx_word' id='word_1_104' title='bbox 827 2043 911 2106; x_wconf 83' lang='lat' dir='ltr'><strong>dixit</strong></span> <span class='ocrx_word' id='word_1_105' title='bbox 931 2041 1063 2108; x_wconf 88' lang='lat' dir='ltr'><strong>Pilatus</strong></span> <span class='ocrx_word' id='word_1_106' title='bbox 1093 2042 1135 2108; x_wconf 89' lang='lat' dir='ltr'><strong>ad</strong></span> <span class='ocrx_word' id='word_1_107' title='bbox 1163 2066 1292 2109; x_wconf 90' lang='lat' dir='ltr'><strong>omnes:</strong></span> <span class='ocrx_word' id='word_1_108' title='bbox 1325 2044 1470 2110; x_wconf 86' lang='lat' dir='ltr'><strong>Coniuro</strong></span> 
     </span>
     <span class='ocr_line' id='line_1_15' title="bbox 267 2133 1470 2235; baseline 0.002 -26"><span class='ocrx_word' id='word_1_109' title='bbox 267 2165 324 2211; x_wconf 80' lang='lat' dir='ltr'><strong>ros</strong></span> <span class='ocrx_word' id='word_1_110' title='bbox 347 2166 406 2227; x_wconf 85' lang='lat' dir='ltr'><strong>per</strong></span> <span class='ocrx_word' id='word_1_111' title='bbox 429 2133 680 2228; x_wconf 86' lang='lat' dir='ltr'><strong>deum&#39;patrum</strong></span> <span class='ocrx_word' id='word_1_112' title='bbox 703 2149 898 2227; x_wconf 81' lang='lat' dir='ltr'><strong>vestrorum,</strong></span> <span class='ocrx_word' id='word_1_113' title='bbox 922 2135 980 2228; x_wconf 88' lang='lat' dir='ltr'><strong>qui</strong></span> <span class='ocrx_word' id='word_1_114' title='bbox 1001 2145 1097 2210; x_wconf 88' lang='lat' dir='ltr'><strong>iussit</strong></span> <span class='ocrx_word' id='word_1_115' title='bbox 1119 2167 1176 2211; x_wconf 89' lang='lat' dir='ltr'><strong>vos</strong></span> <span class='ocrx_word' id='word_1_116' title='bbox 1200 2146 1359 2229; x_wconf 85' lang='lat' dir='ltr'><strong>templum</strong></span> <span class='ocrx_word' id='word_1_117' title='bbox 1382 2145 1470 2235; x_wconf 84' lang='lat' dir='ltr'><strong>istud</strong></span> 
     </span>
     <span class='ocr_line' id='line_1_16' title="bbox 268 2246 1471 2330; baseline 0.002 -18"><span class='ocrx_word' id='word_1_118' title='bbox 268 2246 445 2313; x_wconf 84' lang='lat' dir='ltr'><strong>aedificare</strong></span> <span class='ocrx_word' id='word_1_119' title='bbox 476 2247 547 2313; x_wconf 92' lang='lat' dir='ltr'><strong>loco</strong></span> <span class='ocrx_word' id='word_1_120' title='bbox 579 2248 717 2313; x_wconf 88' lang='lat' dir='ltr'><strong>sacrarii</strong></span> <span class='ocrx_word' id='word_1_121' title='bbox 749 2248 837 2330; x_wconf 89' lang='lat' dir='ltr'><strong>eius,</strong></span> <span class='ocrx_word' id='word_1_122' title='bbox 873 2271 913 2313; x_wconf 85' lang='lat' dir='ltr'><strong>nc</strong></span> <span class='ocrx_word' id='word_1_123' title='bbox 946 2271 1058 2314; x_wconf 86' lang='lat' dir='ltr'><strong>verum</strong></span> <span class='ocrx_word' id='word_1_124' title='bbox 1090 2249 1170 2314; x_wconf 91' lang='lat' dir='ltr'><strong>mihi</strong></span> <span class='ocrx_word' id='word_1_125' title='bbox 1200 2249 1351 2315; x_wconf 87' lang='lat' dir='ltr'><strong>taceatis.</strong></span> <span class='ocrx_word' id='word_1_126' title='bbox 1401 2249 1471 2316; x_wconf 85' lang='lat' dir='ltr'><strong>Vos</strong></span> 
     </span>
     <span class='ocr_line' id='line_1_17' title="bbox 267 2350 1471 2434; baseline 0.002 -20"><span class='ocrx_word' id='word_1_127' title='bbox 267 2351 372 2416; x_wconf 88' lang='lat' dir='ltr'><strong>nostis</strong></span> <span class='ocrx_word' id='word_1_128' title='bbox 395 2350 506 2415; x_wconf 91' lang='lat' dir='ltr'><strong>omnia</strong></span> <span class='ocrx_word' id='word_1_129' title='bbox 529 2372 614 2434; x_wconf 87' lang='lat' dir='ltr'><strong>quae</strong></span> <span class='ocrx_word' id='word_1_130' title='bbox 638 2351 763 2432; x_wconf 87' lang='lat' dir='ltr'><strong>scripta</strong></span> <span class='ocrx_word' id='word_1_131' title='bbox 790 2357 868 2415; x_wconf 90' lang='lat' dir='ltr'><strong>sunt</strong></span> <span class='ocrx_word' id='word_1_132' title='bbox 896 2351 928 2416; x_wconf 91' lang='lat' dir='ltr'><strong>in</strong></span> <span class='ocrx_word' id='word_1_133' title='bbox 957 2353 1022 2417; x_wconf 87' lang='lat' dir='ltr'><strong>ista</strong></span> <span class='ocrx_word' id='word_1_134' title='bbox 1049 2351 1266 2431; x_wconf 83' lang='lat' dir='ltr'><strong>bibliotheca3</strong></span> <span class='ocrx_word' id='word_1_135' title='bbox 1298 2351 1354 2416; x_wconf 86' lang='lat' dir='ltr'><strong>sed</strong></span> <span class='ocrx_word' id='word_1_136' title='bbox 1383 2373 1471 2417; x_wconf 92' lang='lat' dir='ltr'><strong>nuno</strong></span> 
     </span>
     <span class='ocr_line' id='line_1_18' title="bbox 267 2452 1470 2539; baseline 0.003 -23"><span class='ocrx_word' id='word_1_137' title='bbox 267 2452 366 2518; x_wconf 90' lang='lat' dir='ltr'><strong>dicite</strong></span> <span class='ocrx_word' id='word_1_138' title='bbox 399 2453 425 2516; x_wconf 91' lang='lat' dir='ltr'><strong>si</strong></span> <span class='ocrx_word' id='word_1_139' title='bbox 449 2475 504 2518; x_wconf 85' lang='lat' dir='ltr'><strong>ros</strong></span> <span class='ocrx_word' id='word_1_140' title='bbox 532 2454 566 2517; x_wconf 92' lang='lat' dir='ltr'><strong>in</strong></span> <span class='ocrx_word' id='word_1_141' title='bbox 598 2454 773 2537; x_wconf 88' lang='lat' dir='ltr'><strong>scripturis</strong></span> <span class='ocrx_word' id='word_1_142' title='bbox 801 2455 975 2519; x_wconf 81' lang='lat' dir='ltr'><strong>invenistis</strong></span> <span class='ocrx_word' id='word_1_143' title='bbox 999 2456 1098 2521; x_wconf 90' lang='lat' dir='ltr'><strong>istum</strong></span> <span class='ocrx_word' id='word_1_144' title='bbox 1120 2455 1245 2539; x_wconf 87' lang='lat' dir='ltr'><strong>Iesum,</strong></span> <span class='ocrx_word' id='word_1_145' title='bbox 1277 2476 1470 2539; x_wconf 78' lang='lat' dir='ltr'><strong>quemcru-</strong></span> 
     </span>
     <span class='ocr_line' id='line_1_19' title="bbox 266 2555 1470 2644; baseline 0.002 -25"><span class='ocrx_word' id='word_1_146' title='bbox 266 2555 431 2639; x_wconf 88' lang='lat' dir='ltr'><strong>oifixistis,</strong></span> <span class='ocrx_word' id='word_1_147' title='bbox 461 2578 533 2621; x_wconf 88' lang='lat' dir='ltr'><strong>esso</strong></span> <span class='ocrx_word' id='word_1_148' title='bbox 556 2556 660 2621; x_wconf 86' lang='lat' dir='ltr'><strong>filium</strong></span> <span class='ocrx_word' id='word_1_149' title='bbox 685 2555 737 2622; x_wconf 90' lang='lat' dir='ltr'><strong>dei</strong></span> <span class='ocrx_word' id='word_1_150' title='bbox 762 2563 937 2624; x_wconf 86' lang='lat' dir='ltr'><strong>venturum</strong></span> <span class='ocrx_word' id='word_1_151' title='bbox 960 2580 1019 2641; x_wconf 88' lang='lat' dir='ltr'><strong>pro</strong></span> <span class='ocrx_word' id='word_1_152' title='bbox 1044 2558 1151 2624; x_wconf 84' lang='lat' dir='ltr'><strong>salute</strong></span> <span class='ocrx_word' id='word_1_153' title='bbox 1174 2559 1304 2644; x_wconf 84' lang='lat' dir='ltr'><strong>generis</strong></span> <span class='ocrx_word' id='word_1_154' title='bbox 1326 2557 1470 2642; x_wconf 80' lang='lat' dir='ltr'><strong>humani,</strong></span> 
     </span>
     <span class='ocr_line' id='line_1_20' title="bbox 266 2652 1469 2743; baseline 0.003 -21"><span class='ocrx_word' id='word_1_155' title='bbox 266 2663 300 2722; x_wconf 84' lang='lat' dir='ltr'><strong>et</strong></span> <span class='ocrx_word' id='word_1_156' title='bbox 330 2658 363 2722; x_wconf 92' lang='lat' dir='ltr'><strong>in</strong></span> <span class='ocrx_word' id='word_1_157' title='bbox 393 2658 527 2741; x_wconf 88' lang='lat' dir='ltr'><strong>quantis</strong></span> <span class='ocrx_word' id='word_1_158' title='bbox 559 2659 654 2724; x_wconf 89' lang='lat' dir='ltr'><strong>annis</strong></span> <span class='ocrx_word' id='word_1_159' title='bbox 686 2665 873 2743; x_wconf 89' lang='lat' dir='ltr'><strong>temporum</strong></span> <span class='ocrx_word' id='word_1_160' title='bbox 903 2652 1017 2726; x_wconf 69' lang='lat' dir='ltr'><strong>&#39;venire</strong></span> <span class='ocrx_word' id='word_1_161' title='bbox 1050 2660 1203 2727; x_wconf 87' lang='lat' dir='ltr'><strong>debebat.</strong></span> <span class='ocrx_word' id='word_1_162' title='bbox 1252 2660 1469 2726; x_wconf 81' lang='lat' dir='ltr'><strong>Manifestate</strong></span> 
     </span>
     <span class='ocr_line' id='line_1_21' title="bbox 266 2761 1200 2845; baseline 0.005 -21"><span class='ocrx_word' id='word_1_163' title='bbox 266 2761 344 2825; x_wconf 89' lang='lat' dir='ltr'><strong>mihi</strong></span> <span class='ocrx_word' id='word_1_164' title='bbox 367 2761 395 2825; x_wconf 90' lang='lat' dir='ltr'><strong>si</strong></span> <span class='ocrx_word' id='word_1_165' title='bbox 419 2763 611 2845; x_wconf 85' lang='lat' dir='ltr'><strong>ignorantes</strong></span> <span class='ocrx_word' id='word_1_166' title='bbox 635 2785 709 2829; x_wconf 90' lang='lat' dir='ltr'><strong>eum</strong></span> <span class='ocrx_word' id='word_1_167' title='bbox 734 2762 944 2830; x_wconf 86' lang='lat' dir='ltr'><strong>crucifixistis</strong></span> <span class='ocrx_word' id='word_1_168' title='bbox 967 2769 1027 2830; x_wconf 86' lang='lat' dir='ltr'><strong>aut</strong></span> <span class='ocrx_word' id='word_1_169' title='bbox 1050 2764 1200 2831; x_wconf 90' lang='lat' dir='ltr'><strong>scientes.</strong></span> 
     </span>
    </p>
   </div>
   <div class='ocr_carea' id='block_1_5' title="bbox 267 2907 335 2914">
    <p class='ocr_par' dir='ltr' id='par_1_5' title="bbox 267 2907 335 2914">
     <span class='ocr_line' id='line_1_22' title="bbox 267 2907 335 2914; baseline -0.015 0"><span class='ocrx_word' id='word_1_170' title='bbox 267 2907 335 2914; x_wconf 61' lang='lat' dir='ltr'>..n--</span> 
     </span>
    </p>
   </div>
   <div class='ocr_carea' id='block_1_6' title="bbox 262 2977 1468 4752">
    <p class='ocr_par' dir='ltr' id='par_1_6' title="bbox 264 2977 1468 3294">
     <span class='ocr_line' id='line_1_23' title="bbox 265 2977 1468 3043; baseline 0.002 -18"><span class='ocrx_word' id='word_1_171' title='bbox 265 2979 444 3026; x_wconf 75' lang='lat' dir='ltr'><strong>annuariaaer.</strong></span> <span class='ocrx_word' id='word_1_172' title='bbox 457 2978 542 3026; x_wconf 82' lang='lat' dir='ltr'><strong>amaia</strong></span> <span class='ocrx_word' id='word_1_173' title='bbox 560 2978 731 3043; x_wconf 81' lang='lat' dir='ltr'><strong>supradicta</strong></span> <span class='ocrx_word' id='word_1_174' title='bbox 743 2979 837 3029; x_wconf 74' lang='lat' dir='ltr'><strong>Pontia</strong></span> <span class='ocrx_word' id='word_1_175' title='bbox 849 2978 947 3030; x_wconf 79' lang='lat' dir='ltr'><strong>Pilato.</strong></span> <span class='ocrx_word' id='word_1_176' title='bbox 985 2978 1060 3030; x_wconf 83' lang='lat' dir='ltr'><strong>Haec</strong></span> <span class='ocrx_word' id='word_1_177' title='bbox 1077 2979 1186 3030; x_wconf 76' lang='lat' dir='ltr'><strong>audiena</strong></span> <span class='ocrx_word' id='word_1_178' title='bbox 1202 2979 1256 3030; x_wconf 85' lang='lat' dir='ltr'><strong>Pit.</strong></span> <span class='ocrx_word' id='word_1_179' title='bbox 1275 2977 1468 3043; x_wconf 60' lang='lat' dir='ltr'><strong>subrascripta</strong></span> 
     </span>
     <span class='ocr_line' id='line_1_24' title="bbox 264 3061 1466 3130; baseline 0.002 -19"><span class='ocrx_word' id='word_1_180' title='bbox 264 3062 336 3112; x_wconf 84' lang='lat' dir='ltr'><strong>dicta</strong></span> <span class='ocrx_word' id='word_1_181' title='bbox 348 3061 439 3112; x_wconf 79' lang='lat' dir='ltr'><strong>Laacii</strong></span> <span class='ocrx_word' id='word_1_182' title='bbox 455 3068 480 3112; x_wconf 84' lang='lat' dir='ltr'><strong>et</strong></span> <span class='ocrx_word' id='word_1_183' title='bbox 494 3062 585 3112; x_wconf 78' lang='lat' dir='ltr'><strong>Carini</strong></span> <span class='ocrx_word' id='word_1_184' title='bbox 602 3080 619 3111; x_wconf 90' lang='lat' dir='ltr'><strong>a</strong></span> <span class='ocrx_word' id='word_1_185' title='bbox 632 3063 690 3113; x_wconf 80' lang='lat' dir='ltr'><strong>Nic.</strong></span> <span class='ocrx_word' id='word_1_186' title='bbox 703 3067 728 3113; x_wconf 83' lang='lat' dir='ltr'><strong>at</strong></span> <span class='ocrx_word' id='word_1_187' title='bbox 740 3066 792 3114; x_wconf 87' lang='lat' dir='ltr'><strong>Iar.</strong></span> <span class='ocrx_word' id='word_1_188' title='bbox 808 3065 910 3115; x_wconf 81' lang='lat' dir='ltr'><strong>tradita</strong></span> <span class='ocrx_word' id='word_1_189' title='bbox 925 3071 951 3116; x_wconf 83' lang='lat' dir='ltr'><strong>at</strong></span> <span class='ocrx_word' id='word_1_190' title='bbox 964 3068 1054 3129; x_wconf 76' lang='lat' dir='ltr'><strong>pararit</strong></span> <span class='ocrx_word' id='word_1_191' title='bbox 1071 3082 1102 3116; x_wconf 82' lang='lat' dir='ltr'><strong>aa</strong></span> <span class='ocrx_word' id='word_1_192' title='bbox 1119 3067 1146 3114; x_wconf 84' lang='lat' dir='ltr'><strong>irr</strong></span> <span class='ocrx_word' id='word_1_193' title='bbox 1161 3065 1273 3130; x_wconf 72' lang='lat' dir='ltr'><strong>publicis</strong></span> <span class='ocrx_word' id='word_1_194' title='bbox 1291 3065 1364 3116; x_wconf 82' lang='lat' dir='ltr'><strong>codd.</strong></span> <span class='ocrx_word' id='word_1_195' title='bbox 1378 3070 1466 3129; x_wconf 73' lang='lat' dir='ltr'><strong>praet.</strong></span> 
     </span>
     <span class='ocr_line' id='line_1_25' title="bbox 264 3147 1468 3215; baseline 0.002 -20"><span class='ocrx_word' id='word_1_196' title='bbox 264 3148 305 3196; x_wconf 83' lang='lat' dir='ltr'><strong>sui</strong></span> <span class='ocrx_word' id='word_1_197' title='bbox 323 3183 352 3196; x_wconf 91' lang='lat'><strong>..</strong></span> <span class='ocrx_word' id='word_1_198' title='bbox 374 3147 434 3197; x_wconf 67' lang='lat' dir='ltr'><strong>odir</strong></span> <span class='ocrx_word' id='word_1_199' title='bbox 446 3148 499 3196; x_wconf 78' lang='lat' dir='ltr'><strong>Ios.</strong></span> <span class='ocrx_word' id='word_1_200' title='bbox 518 3164 577 3198; x_wconf 79' lang='lat' dir='ltr'><strong>aero</strong></span> <span class='ocrx_word' id='word_1_201' title='bbox 595 3154 620 3197; x_wconf 86' lang='lat' dir='ltr'><strong>et</strong></span> <span class='ocrx_word' id='word_1_202' title='bbox 639 3148 696 3200; x_wconf 79' lang='lat' dir='ltr'><strong>Nic.</strong></span> <span class='ocrx_word' id='word_1_203' title='bbox 712 3151 800 3199; x_wconf 80' lang='lat' dir='ltr'><strong>atatim</strong></span> <span class='ocrx_word' id='word_1_204' title='bbox 818 3154 969 3200; x_wconf 75' lang='lat' dir='ltr'><strong>armatas.</strong></span> <span class='ocrx_word' id='word_1_205' title='bbox 983 3150 1103 3213; x_wconf 74' lang='lat' dir='ltr'><strong>praesidi</strong></span> <span class='ocrx_word' id='word_1_206' title='bbox 1120 3152 1213 3209; x_wconf 75' lang='lat' dir='ltr'><strong>omnia,</strong></span> <span class='ocrx_word' id='word_1_207' title='bbox 1230 3167 1294 3215; x_wconf 74' lang='lat' dir='ltr'><strong>quaa</strong></span> <span class='ocrx_word' id='word_1_208' title='bbox 1312 3152 1365 3213; x_wconf 82' lang='lat' dir='ltr'><strong>ipra</strong></span> <span class='ocrx_word' id='word_1_209' title='bbox 1379 3150 1468 3213; x_wconf 76' lang='lat' dir='ltr'><strong>poerit</strong></span> 
     </span>
     <span class='ocr_line' id='line_1_26' title="bbox 265 3231 818 3294; baseline 0.007 -16"><span class='ocrx_word' id='word_1_210' title='bbox 265 3233 292 3278; x_wconf 86' lang='lat' dir='ltr'><strong>irr</strong></span> <span class='ocrx_word' id='word_1_211' title='bbox 310 3232 382 3280; x_wconf 82' lang='lat' dir='ltr'><strong>codd.</strong></span> <span class='ocrx_word' id='word_1_212' title='bbox 398 3231 467 3292; x_wconf 79' lang='lat' dir='ltr'><strong>pubi.</strong></span> <span class='ocrx_word' id='word_1_213' title='bbox 483 3235 614 3294; x_wconf 77' lang='lat' dir='ltr'><strong>praetorii</strong></span> <span class='ocrx_word' id='word_1_214' title='bbox 632 3269 659 3283; x_wconf 91' lang='lat'><strong>..</strong></span> <span class='ocrx_word' id='word_1_215' title='bbox 678 3233 757 3282; x_wconf 78' lang='lat' dir='ltr'><strong>Harn</strong></span> <span class='ocrx_word' id='word_1_216' title='bbox 776 3248 818 3282; x_wconf 90' lang='lat' dir='ltr'><strong>om</strong></span> 
     </span>
    </p>

    <p class='ocr_par' dir='ltr' id='par_1_7' title="bbox 265 3307 1467 3466">
     <span class='ocr_line' id='line_1_27' title="bbox 351 3307 1467 3383; baseline 0.001 -18"><span class='ocrx_word' id='word_1_217' title='bbox 351 3318 411 3366; x_wconf 83' lang='lat' dir='ltr'><strong>xll.</strong></span> <span class='ocrx_word' id='word_1_218' title='bbox 441 3318 580 3367; x_wconf 86' lang='lat' dir='ltr'><strong>Ornlttunt</strong></span> <span class='ocrx_word' id='word_1_219' title='bbox 604 3319 655 3367; x_wconf 87' lang='lat' dir='ltr'><strong>hoc</strong></span> <span class='ocrx_word' id='word_1_220' title='bbox 674 3323 756 3383; x_wconf 81' lang='lat' dir='ltr'><strong>caput</strong></span> <span class='ocrx_word' id='word_1_221' title='bbox 778 3309 1019 3379; x_wconf 73' lang='lat' dir='ltr'><strong>nb⁰11nvnadr¹;</strong></span> <span class='ocrx_word' id='word_1_222' title='bbox 1045 3307 1467 3382; x_wconf 72' lang='lat' dir='ltr'><strong>habentu²a1nb11alhipa⁰d</strong></span> 
     </span>
     <span class='ocr_line' id='line_1_28' title="bbox 265 3401 425 3466; baseline 0 -16"><span class='ocrx_word' id='word_1_223' title='bbox 265 3401 326 3450; x_wconf 76' lang='lat' dir='ltr'><strong>ed¹¹¹</strong></span> <span class='ocrx_word' id='word_1_224' title='bbox 344 3418 425 3466; x_wconf 77' lang='lat' dir='ltr'><strong>gorm.</strong></span> 
     </span>
    </p>

    <p class='ocr_par' dir='ltr' id='par_1_8' title="bbox 262 3487 1468 4752">
     <span class='ocr_line' id='line_1_29' title="bbox 349 3487 1468 3555; baseline 0 -20"><span class='ocrx_word' id='word_1_225' title='bbox 349 3488 435 3536; x_wconf 83' lang='lat' dir='ltr'><strong>Porti.</strong></span> <span class='ocrx_word' id='word_1_226' title='bbox 455 3513 465 3522; x_wconf 91' lang='lat'>·</span> <span class='ocrx_word' id='word_1_227' title='bbox 483 3503 587 3537; x_wconf 75' lang='lat' dir='ltr'><strong>manee.</strong></span> <span class='ocrx_word' id='word_1_228' title='bbox 604 3524 609 3537; x_wconf 91' lang='lat'>.</span> <span class='ocrx_word' id='word_1_229' title='bbox 625 3488 692 3537; x_wconf 87' lang='lat' dir='ltr'><strong>Ilmb</strong></span> <span class='ocrx_word' id='word_1_230' title='bbox 711 3489 749 3539; x_wconf 81' lang='lat' dir='ltr'><strong>Et</strong></span> <span class='ocrx_word' id='word_1_231' title='bbox 764 3491 886 3551; x_wconf 64' lang='lat' dir='ltr'><strong>porram</strong></span> <span class='ocrx_word' id='word_1_232' title='bbox 900 3492 1030 3553; x_wconf 73' lang='lat' dir='ltr'><strong>inpressae</strong></span> <span class='ocrx_word' id='word_1_233' title='bbox 1040 3488 1094 3538; x_wconf 88' lang='lat' dir='ltr'><strong>Pil.</strong></span> <span class='ocrx_word' id='word_1_234' title='bbox 1109 3491 1136 3538; x_wconf 79' lang='lat' dir='ltr'><strong>ia</strong></span> <span class='ocrx_word' id='word_1_235' title='bbox 1153 3488 1239 3555; x_wconf 76' lang='lat' dir='ltr'><strong>templ.</strong></span> <span class='ocrx_word' id='word_1_236' title='bbox 1253 3489 1313 3539; x_wconf 78' lang='lat' dir='ltr'><strong>lad.</strong></span> <span class='ocrx_word' id='word_1_237' title='bbox 1327 3489 1423 3537; x_wconf 75' lang='lat' dir='ltr'><strong>irvasit</strong></span> <span class='ocrx_word' id='word_1_238' title='bbox 1441 3487 1468 3535; x_wconf 87' lang='lat' dir='ltr'><strong>irr</strong></span> 
     </span>
     <span class='ocr_line' id='line_1_30' title="bbox 263 3570 1467 3638; baseline 0.002 -21"><span class='ocrx_word' id='word_1_239' title='bbox 263 3585 392 3635; x_wconf 73' lang='lat' dir='ltr'><strong>aynapaqa</strong></span> <span class='ocrx_word' id='word_1_240' title='bbox 402 3586 494 3635; x_wconf 69' lang='lat' dir='ltr'><strong>mapsa</strong></span> <span class='ocrx_word' id='word_1_241' title='bbox 507 3575 532 3620; x_wconf 78' lang='lat' dir='ltr'><strong>et</strong></span> <span class='ocrx_word' id='word_1_242' title='bbox 544 3570 648 3635; x_wconf 74' lang='lat' dir='ltr'><strong>(dalet)</strong></span> <span class='ocrx_word' id='word_1_243' title='bbox 661 3578 829 3637; x_wconf 67' lang='lat' dir='ltr'><strong>congregator</strong></span> <span class='ocrx_word' id='word_1_244' title='bbox 840 3589 924 3624; x_wconf 75' lang='lat' dir='ltr'><strong>amaea</strong></span> <span class='ocrx_word' id='word_1_245' title='bbox 936 3609 943 3622; x_wconf 86' lang='lat'><strong>.</strong></span> <span class='ocrx_word' id='word_1_246' title='bbox 957 3610 963 3622; x_wconf 95' lang='lat'>.</span> <span class='ocrx_word' id='word_1_247' title='bbox 979 3573 1031 3623; x_wconf 67' lang='lat'><strong>1121</strong></span> <span class='ocrx_word' id='word_1_248' title='bbox 1042 3573 1130 3623; x_wconf 83' lang='lat' dir='ltr'><strong>Parii.</strong></span> <span class='ocrx_word' id='word_1_249' title='bbox 1145 3574 1274 3638; x_wconf 74' lang='lat' dir='ltr'><strong>inpressas</strong></span> <span class='ocrx_word' id='word_1_250' title='bbox 1286 3573 1338 3622; x_wconf 88' lang='lat' dir='ltr'><strong>Pii.</strong></span> <span class='ocrx_word' id='word_1_251' title='bbox 1349 3570 1467 3637; x_wconf 72' lang='lat' dir='ltr'><strong>temptam</strong></span> 
     </span>
     <span class='ocr_line' id='line_1_31' title="bbox 263 3647 1467 3724; baseline 0.002 -20"><span class='ocrx_word' id='word_1_252' title='bbox 263 3660 409 3706; x_wconf 76' lang='lat' dir='ltr'><strong>convocarit</strong></span> <span class='ocrx_word' id='word_1_253' title='bbox 436 3672 519 3707; x_wconf 78' lang='lat' dir='ltr'><strong>amm</strong></span> <span class='ocrx_word' id='word_1_254' title='bbox 542 3655 547 3718; x_wconf 94' lang='grc' dir='ltr'>Ι</span> <span class='ocrx_word' id='word_1_255' title='bbox 568 3659 655 3724; x_wconf 73' lang='lat' dir='ltr'><strong>princ.</strong></span> <span class='ocrx_word' id='word_1_256' title='bbox 677 3675 730 3707; x_wconf 77' lang='lat' dir='ltr'><strong>aaa.</strong></span> <span class='ocrx_word' id='word_1_257' title='bbox 753 3663 779 3708; x_wconf 83' lang='lat' dir='ltr'><strong>et</strong></span> <span class='ocrx_word' id='word_1_258' title='bbox 803 3675 909 3723; x_wconf 75' lang='lat' dir='ltr'><strong>pramm.</strong></span> <span class='ocrx_word' id='word_1_259' title='bbox 938 3658 974 3723; x_wconf 84' lang='lat' dir='ltr'><strong>(et</strong></span> <span class='ocrx_word' id='word_1_260' title='bbox 995 3676 1036 3724; x_wconf 75' lang='lat' dir='ltr'><strong>pr.</strong></span> <span class='ocrx_word' id='word_1_261' title='bbox 1057 3675 1088 3709; x_wconf 83' lang='lat' dir='ltr'><strong>ax</strong></span> <span class='ocrx_word' id='word_1_262' title='bbox 1112 3659 1179 3708; x_wconf 82' lang='lat' dir='ltr'><strong>Amb</strong></span> <span class='ocrx_word' id='word_1_263' title='bbox 1199 3647 1307 3724; x_wconf 72' lang='lat' dir='ltr'><strong>cips⁸d3</strong></span> <span class='ocrx_word' id='word_1_264' title='bbox 1332 3655 1366 3709; x_wconf 78' lang='lat'><strong>1&gt;⁸</strong></span> <span class='ocrx_word' id='word_1_265' title='bbox 1383 3656 1438 3719; x_wconf 90' lang='lat' dir='ltr'><strong>om)</strong></span> <span class='ocrx_word' id='word_1_266' title='bbox 1457 3684 1467 3694; x_wconf 94' lang='lat'><em>-</em></span> 
     </span>
     <span class='ocr_line' id='line_1_32' title="bbox 262 3745 1467 3810; baseline 0.002 -17"><span class='ocrx_word' id='word_1_267' title='bbox 262 3745 378 3794; x_wconf 77' lang='lat' dir='ltr'><strong>doctores</strong></span> <span class='ocrx_word' id='word_1_268' title='bbox 396 3780 425 3794; x_wconf 87' lang='lat'><strong>..</strong></span> <span class='ocrx_word' id='word_1_269' title='bbox 446 3745 498 3795; x_wconf 87' lang='lat' dir='ltr'><strong>Hal</strong></span> <span class='ocrx_word' id='word_1_270' title='bbox 518 3747 629 3796; x_wconf 79' lang='lat' dir='ltr'><strong>Iudaeos</strong></span> <span class='ocrx_word' id='word_1_271' title='bbox 645 3751 671 3795; x_wconf 79' lang='lat' dir='ltr'><strong>et</strong></span> <span class='ocrx_word' id='word_1_272' title='bbox 685 3750 867 3810; x_wconf 64' lang='lat' dir='ltr'><strong>grammaticos</strong></span> <span class='ocrx_word' id='word_1_273' title='bbox 882 3746 887 3810; x_wconf 98' lang='grc' dir='ltr'>Ι</span> <span class='ocrx_word' id='word_1_274' title='bbox 902 3753 926 3796; x_wconf 86' lang='lat' dir='ltr'><strong>at</strong></span> <span class='ocrx_word' id='word_1_275' title='bbox 946 3750 1021 3796; x_wconf 78' lang='lat' dir='ltr'><strong>iussit</strong></span> <span class='ocrx_word' id='word_1_276' title='bbox 1039 3776 1049 3786; x_wconf 94' lang='lat'><strong>·</strong></span> <span class='ocrx_word' id='word_1_277' title='bbox 1067 3747 1121 3797; x_wconf 74' lang='lat' dir='ltr'><strong>dix.</strong></span> <span class='ocrx_word' id='word_1_278' title='bbox 1135 3747 1172 3796; x_wconf 83' lang='lat' dir='ltr'><strong>air</strong></span> <span class='ocrx_word' id='word_1_279' title='bbox 1189 3782 1196 3795; x_wconf 92' lang='lat'>.</span> <span class='ocrx_word' id='word_1_280' title='bbox 1212 3782 1219 3795; x_wconf 87' lang='lat'><strong>.</strong></span> <span class='ocrx_word' id='word_1_281' title='bbox 1238 3746 1305 3796; x_wconf 76' lang='lat' dir='ltr'><strong>Arnb</strong></span> <span class='ocrx_word' id='word_1_282' title='bbox 1323 3750 1349 3795; x_wconf 86' lang='lat' dir='ltr'><strong>at</strong></span> <span class='ocrx_word' id='word_1_283' title='bbox 1366 3745 1467 3810; x_wconf 74' lang='lat' dir='ltr'><strong>rapaait</strong></span> 
     </span>
     <span class='ocr_line' id='line_1_33' title="bbox 262 3831 1467 3898; baseline 0.001 -18"><span class='ocrx_word' id='word_1_284' title='bbox 262 3831 316 3880; x_wconf 81' lang='lat' dir='ltr'><strong>Pii.</strong></span> <span class='ocrx_word' id='word_1_285' title='bbox 332 3848 423 3889; x_wconf 79' lang='lat' dir='ltr'><strong>amaea,</strong></span> <span class='ocrx_word' id='word_1_286' title='bbox 442 3838 466 3882; x_wconf 80' lang='lat' dir='ltr'><strong>et</strong></span> <span class='ocrx_word' id='word_1_287' title='bbox 482 3834 615 3896; x_wconf 76' lang='lat' dir='ltr'><strong>praecepit</strong></span> <span class='ocrx_word' id='word_1_288' title='bbox 634 3833 754 3883; x_wconf 70' lang='lat' dir='ltr'><strong>adcendere</strong></span> <span class='ocrx_word' id='word_1_289' title='bbox 772 3836 865 3884; x_wconf 78' lang='lat' dir='ltr'><strong>ianuas</strong></span> <span class='ocrx_word' id='word_1_290' title='bbox 882 3839 907 3883; x_wconf 86' lang='lat' dir='ltr'><strong>at</strong></span> <span class='ocrx_word' id='word_1_291' title='bbox 922 3835 976 3884; x_wconf 70' lang='lat' dir='ltr'><strong>dra.</strong></span> <span class='ocrx_word' id='word_1_292' title='bbox 992 3834 1026 3883; x_wconf 88' lang='lat' dir='ltr'><strong>ad</strong></span> <span class='ocrx_word' id='word_1_293' title='bbox 1043 3833 1142 3893; x_wconf 73' lang='lat' dir='ltr'><strong>amarat</strong></span> <span class='ocrx_word' id='word_1_294' title='bbox 1160 3834 1227 3883; x_wconf 80' lang='lat' dir='ltr'><strong>Amb</strong></span> <span class='ocrx_word' id='word_1_295' title='bbox 1240 3832 1392 3883; x_wconf 69' lang='lat' dir='ltr'><strong>Audivimus</strong></span> <span class='ocrx_word' id='word_1_296' title='bbox 1406 3833 1467 3898; x_wconf 81' lang='lat' dir='ltr'><strong>quia</strong></span> 
     </span>
     <span class='ocr_line' id='line_1_34' title="bbox 262 3920 1466 3987; baseline 0.001 -18"><span class='ocrx_word' id='word_1_297' title='bbox 262 3937 354 3986; x_wconf 74' lang='lat' dir='ltr'><strong>maprra</strong></span> <span class='ocrx_word' id='word_1_298' title='bbox 369 3921 479 3970; x_wconf 70' lang='lat' dir='ltr'><strong>tilbert</strong></span> <span class='ocrx_word' id='word_1_299' title='bbox 496 3925 523 3970; x_wconf 81' lang='lat' dir='ltr'><strong>in</strong></span> <span class='ocrx_word' id='word_1_300' title='bbox 535 3921 623 3984; x_wconf 85' lang='lat' dir='ltr'><strong>tempii</strong></span> <span class='ocrx_word' id='word_1_301' title='bbox 635 3925 684 3972; x_wconf 81' lang='lat' dir='ltr'><strong>isto</strong></span> <span class='ocrx_word' id='word_1_302' title='bbox 697 3923 815 3972; x_wconf 77' lang='lat' dir='ltr'><strong>sacrario</strong></span> <span class='ocrx_word' id='word_1_303' title='bbox 829 3923 894 3986; x_wconf 85' lang='lat' dir='ltr'><strong>(Hal</strong></span> <span class='ocrx_word' id='word_1_304' title='bbox 908 3940 950 3972; x_wconf 90' lang='lat' dir='ltr'><strong>om</strong></span> <span class='ocrx_word' id='word_1_305' title='bbox 969 3927 995 3971; x_wconf 71' lang='grc' dir='ltr'><strong>ἐκ</strong></span> <span class='ocrx_word' id='word_1_306' title='bbox 1008 3929 1041 3972; x_wconf 80' lang='lat' dir='ltr'><strong>te.</strong></span> <span class='ocrx_word' id='word_1_307' title='bbox 1057 3920 1128 3984; x_wconf 76' lang='lat' dir='ltr'><strong>icto).</strong></span> <span class='ocrx_word' id='word_1_308' title='bbox 1165 3923 1236 3987; x_wconf 75' lang='lat' dir='ltr'><strong>Rapo</strong></span> <span class='ocrx_word' id='word_1_309' title='bbox 1249 3938 1293 3973; x_wconf 82' lang='lat' dir='ltr'><strong>aar</strong></span> <span class='ocrx_word' id='word_1_310' title='bbox 1304 3927 1332 3972; x_wconf 81' lang='lat' dir='ltr'><strong>rat</strong></span> <span class='ocrx_word' id='word_1_311' title='bbox 1344 3937 1466 3987; x_wconf 52' lang='lat' dir='ltr'><strong>praere*</strong></span> 
     </span>
     <span class='ocr_line' id='line_1_35' title="bbox 263 3998 1467 4075; baseline 0.001 -19"><span class='ocrx_word' id='word_1_312' title='bbox 263 4013 330 4059; x_wconf 78' lang='lat' dir='ltr'><strong>tatur</strong></span> <span class='ocrx_word' id='word_1_313' title='bbox 344 4011 401 4072; x_wconf 81' lang='lat' dir='ltr'><strong>ipra</strong></span> <span class='ocrx_word' id='word_1_314' title='bbox 418 4009 478 4058; x_wconf 83' lang='lat' dir='ltr'><strong>biti.</strong></span> <span class='ocrx_word' id='word_1_315' title='bbox 493 4010 520 4058; x_wconf 82' lang='lat' dir='ltr'><strong>ir</strong></span> <span class='ocrx_word' id='word_1_316' title='bbox 535 4011 651 4059; x_wconf 77' lang='lat' dir='ltr'><strong>manitas</strong></span> <span class='ocrx_word' id='word_1_317' title='bbox 662 4013 762 4060; x_wconf 77' lang='lat' dir='ltr'><strong>castris.</strong></span> <span class='ocrx_word' id='word_1_318' title='bbox 778 4010 782 4073; x_wconf 98' lang='grc' dir='ltr'>Ι</span> <span class='ocrx_word' id='word_1_319' title='bbox 799 4011 904 4060; x_wconf 77' lang='lat' dir='ltr'><strong>Etcum</strong></span> <span class='ocrx_word' id='word_1_320' title='bbox 915 4016 1101 4075; x_wconf 70' lang='lat' dir='ltr'><strong>apportaretur</strong></span> <span class='ocrx_word' id='word_1_321' title='bbox 1114 4016 1157 4060; x_wconf 81' lang='lat' dir='ltr'><strong>etc</strong></span> <span class='ocrx_word' id='word_1_322' title='bbox 1171 4026 1202 4061; x_wconf 83' lang='lat' dir='ltr'><strong>ax</strong></span> <span class='ocrx_word' id='word_1_323' title='bbox 1215 3998 1310 4075; x_wconf 57' lang='lat' dir='ltr'><strong>Ilipaed</strong></span> <span class='ocrx_word' id='word_1_324' title='bbox 1330 4046 1336 4059; x_wconf 93' lang='lat'><em>.</em></span> <span class='ocrx_word' id='word_1_325' title='bbox 1352 4045 1359 4059; x_wconf 92' lang='lat'><strong>.</strong></span> <span class='ocrx_word' id='word_1_326' title='bbox 1382 4006 1415 4060; x_wconf 82' lang='lat'><strong>1&gt;⁸</strong></span> <span class='ocrx_word' id='word_1_327' title='bbox 1429 4009 1467 4058; x_wconf 80' lang='lat' dir='ltr'><strong>Et</strong></span> 
     </span>
     <span class='ocr_line' id='line_1_36' title="bbox 263 4096 1466 4161; baseline 0.001 -18"><span class='ocrx_word' id='word_1_328' title='bbox 263 4112 316 4143; x_wconf 73' lang='lat' dir='ltr'><strong>ram</strong></span> <span class='ocrx_word' id='word_1_329' title='bbox 328 4097 504 4158; x_wconf 67' lang='lat' dir='ltr'><strong>aeporraasair</strong></span> <span class='ocrx_word' id='word_1_330' title='bbox 517 4097 590 4144; x_wconf 86' lang='lat' dir='ltr'><strong>ittam</strong></span> <span class='ocrx_word' id='word_1_331' title='bbox 606 4096 664 4146; x_wconf 80' lang='lat' dir='ltr'><strong>bibl.</strong></span> <span class='ocrx_word' id='word_1_332' title='bbox 678 4114 762 4160; x_wconf 72' lang='lat' dir='ltr'><strong>mapa.</strong></span> <span class='ocrx_word' id='word_1_333' title='bbox 777 4114 794 4145; x_wconf 89' lang='lat' dir='ltr'><strong>a</strong></span> <span class='ocrx_word' id='word_1_334' title='bbox 808 4114 847 4161; x_wconf 83' lang='lat' dir='ltr'><strong>qa.</strong></span> <span class='ocrx_word' id='word_1_335' title='bbox 860 4100 987 4146; x_wconf 75' lang='lat' dir='ltr'><strong>ministris</strong></span> <span class='ocrx_word' id='word_1_336' title='bbox 998 4123 1008 4132; x_wconf 95' lang='lat'>·</span> <span class='ocrx_word' id='word_1_337' title='bbox 1021 4102 1148 4153; x_wconf 77' lang='lat' dir='ltr'><strong>ornatam,</strong></span> <span class='ocrx_word' id='word_1_338' title='bbox 1166 4098 1230 4146; x_wconf 86' lang='lat' dir='ltr'><strong>itam</strong></span> <span class='ocrx_word' id='word_1_339' title='bbox 1245 4096 1313 4147; x_wconf 79' lang='lat' dir='ltr'><strong>Amo</strong></span> <span class='ocrx_word' id='word_1_340' title='bbox 1326 4097 1466 4161; x_wconf 81' lang='lat' dir='ltr'><strong>Haasacto</strong></span> 
     </span>
     <span class='ocr_line' id='line_1_37' title="bbox 263 4179 1466 4245; baseline -0.001 -18"><span class='ocrx_word' id='word_1_341' title='bbox 263 4180 355 4228; x_wconf 75' lang='lat' dir='ltr'><strong>Iudaei</strong></span> <span class='ocrx_word' id='word_1_342' title='bbox 372 4182 458 4244; x_wconf 74' lang='lat' dir='ltr'><strong>itaqua</strong></span> <span class='ocrx_word' id='word_1_343' title='bbox 476 4179 650 4229; x_wconf 65' lang='lat' dir='ltr'><strong>bibliothecam</strong></span> <span class='ocrx_word' id='word_1_344' title='bbox 671 4197 755 4245; x_wconf 69' lang='lat' dir='ltr'><strong>mapa</strong></span> <span class='ocrx_word' id='word_1_345' title='bbox 772 4199 789 4229; x_wconf 88' lang='lat' dir='ltr'><strong>a</strong></span> <span class='ocrx_word' id='word_1_346' title='bbox 810 4198 851 4245; x_wconf 84' lang='lat' dir='ltr'><strong>qu.</strong></span> <span class='ocrx_word' id='word_1_347' title='bbox 865 4184 924 4231; x_wconf 80' lang='lat' dir='ltr'><strong>mia.</strong></span> <span class='ocrx_word' id='word_1_348' title='bbox 937 4182 1137 4244; x_wconf 78' lang='lat' dir='ltr'><strong>deportaverunt</strong></span> <span class='ocrx_word' id='word_1_349' title='bbox 1158 4207 1167 4216; x_wconf 95' lang='lat'><em>·</em></span> <span class='ocrx_word' id='word_1_350' title='bbox 1189 4186 1306 4230; x_wconf 70' lang='lat' dir='ltr'><strong>armatam</strong></span> <span class='ocrx_word' id='word_1_351' title='bbox 1327 4180 1332 4243; x_wconf 93' lang='grc' dir='ltr'>Ι</span> <span class='ocrx_word' id='word_1_352' title='bbox 1352 4181 1417 4229; x_wconf 81' lang='lat' dir='ltr'><strong>Amb</strong></span> <span class='ocrx_word' id='word_1_353' title='bbox 1436 4194 1466 4226; x_wconf 74' lang='lat' dir='ltr'><strong>aa</strong></span> 
     </span>
     <span class='ocr_line' id='line_1_38' title="bbox 263 4253 1465 4329; baseline 0.004 -17"><span class='ocrx_word' id='word_1_354' title='bbox 263 4281 325 4314; x_wconf 84' lang='lat' dir='ltr'><strong>auro</strong></span> <span class='ocrx_word' id='word_1_355' title='bbox 341 4265 346 4324; x_wconf 92' lang='grc' dir='ltr'>Ι</span> <span class='ocrx_word' id='word_1_356' title='bbox 361 4269 387 4314; x_wconf 79' lang='lat' dir='ltr'><strong>et</strong></span> <span class='ocrx_word' id='word_1_357' title='bbox 401 4279 490 4328; x_wconf 74' lang='lat' dir='ltr'><strong>pamm.</strong></span> <span class='ocrx_word' id='word_1_358' title='bbox 503 4269 570 4327; x_wconf 82' lang='lat' dir='ltr'><strong>prat.</strong></span> <span class='ocrx_word' id='word_1_359' title='bbox 590 4281 648 4314; x_wconf 88' lang='lat' dir='ltr'><strong>cum</strong></span> <span class='ocrx_word' id='word_1_360' title='bbox 664 4265 699 4316; x_wconf 71' lang='lat' dir='ltr'><strong>Da</strong></span> <span class='ocrx_word' id='word_1_361' title='bbox 710 4266 779 4315; x_wconf 85' lang='lat' dir='ltr'><strong>Amb</strong></span> <span class='ocrx_word' id='word_1_362' title='bbox 798 4301 805 4314; x_wconf 87' lang='lat'><strong><em>.</em></strong></span> <span class='ocrx_word' id='word_1_363' title='bbox 822 4301 828 4315; x_wconf 90' lang='grc'><strong>.</strong></span> <span class='ocrx_word' id='word_1_364' title='bbox 849 4253 942 4329; x_wconf 61' lang='lat' dir='ltr'><strong>lipsid</strong></span> <span class='ocrx_word' id='word_1_365' title='bbox 954 4269 980 4314; x_wconf 80' lang='lat' dir='ltr'><strong>et</strong></span> <span class='ocrx_word' id='word_1_366' title='bbox 997 4271 1103 4329; x_wconf 72' lang='lat' dir='ltr'><strong>arpenta</strong></span> <span class='ocrx_word' id='word_1_367' title='bbox 1119 4263 1124 4328; x_wconf 94' lang='grc' dir='ltr'>Ι</span> <span class='ocrx_word' id='word_1_368' title='bbox 1141 4266 1250 4314; x_wconf 81' lang='lat' dir='ltr'><strong>Oaaiara</strong></span> <span class='ocrx_word' id='word_1_369' title='bbox 1270 4302 1276 4314; x_wconf 92' lang='lat'><strong><em>.</em></strong></span> <span class='ocrx_word' id='word_1_370' title='bbox 1293 4300 1299 4314; x_wconf 91' lang='lat'>.</span> <span class='ocrx_word' id='word_1_371' title='bbox 1320 4263 1352 4315; x_wconf 68' lang='lat' dir='ltr'><strong>n*</strong></span> <span class='ocrx_word' id='word_1_372' title='bbox 1364 4267 1465 4317; x_wconf 76' lang='lat' dir='ltr'><strong>Adiuro</strong></span> 
     </span>
     <span class='ocr_line' id='line_1_39' title="bbox 265 4345 1468 4416; baseline 0.003 -17"><span class='ocrx_word' id='word_1_373' title='bbox 265 4345 269 4412; x_wconf 96' lang='grc' dir='ltr'>Ι</span> <span class='ocrx_word' id='word_1_374' title='bbox 287 4354 390 4412; x_wconf 80' lang='lat' dir='ltr'><strong>patrum</strong></span> <span class='ocrx_word' id='word_1_375' title='bbox 409 4355 516 4400; x_wconf 78' lang='lat' dir='ltr'><strong>oestror.</strong></span> <span class='ocrx_word' id='word_1_376' title='bbox 543 4366 601 4399; x_wconf 83' lang='lat' dir='ltr'><strong>curu</strong></span> <span class='ocrx_word' id='word_1_377' title='bbox 621 4351 687 4400; x_wconf 79' lang='lat' dir='ltr'><strong>Amb</strong></span> <span class='ocrx_word' id='word_1_378' title='bbox 708 4386 737 4400; x_wconf 90' lang='lat'><strong>..</strong></span> <span class='ocrx_word' id='word_1_379' title='bbox 757 4350 791 4402; x_wconf 76' lang='lat'><strong>1&gt;²</strong></span> <span class='ocrx_word' id='word_1_380' title='bbox 809 4354 853 4401; x_wconf 86' lang='lat' dir='ltr'><strong>ete</strong></span> <span class='ocrx_word' id='word_1_381' title='bbox 870 4357 970 4414; x_wconf 83' lang='lat' dir='ltr'><strong>patrem</strong></span> <span class='ocrx_word' id='word_1_382' title='bbox 988 4356 1097 4401; x_wconf 70' lang='lat' dir='ltr'><strong>aartwrrr</strong></span> <span class='ocrx_word' id='word_1_383' title='bbox 1119 4352 1123 4414; x_wconf 97' lang='grc' dir='ltr'>Ι</span> <span class='ocrx_word' id='word_1_384' title='bbox 1145 4351 1188 4416; x_wconf 79' lang='lat' dir='ltr'><strong>qui</strong></span> <span class='ocrx_word' id='word_1_385' title='bbox 1206 4351 1279 4401; x_wconf 74' lang='lat' dir='ltr'><strong>iaarit</strong></span> <span class='ocrx_word' id='word_1_386' title='bbox 1297 4376 1306 4386; x_wconf 94' lang='lat'>-</span> <span class='ocrx_word' id='word_1_387' title='bbox 1324 4366 1393 4401; x_wconf 75' lang='lat' dir='ltr'><strong>saar.</strong></span> <span class='ocrx_word' id='word_1_388' title='bbox 1412 4353 1468 4403; x_wconf 78' lang='lat' dir='ltr'><strong>aira</strong></span> 
     </span>
     <span class='ocr_line' id='line_1_40' title="bbox 265 4437 1466 4505; baseline 0.002 -19"><span class='ocrx_word' id='word_1_389' title='bbox 265 4453 321 4486; x_wconf 89' lang='lat' dir='ltr'><strong>cum</strong></span> <span class='ocrx_word' id='word_1_390' title='bbox 340 4437 409 4487; x_wconf 77' lang='lat' dir='ltr'><strong>Arni)</strong></span> <span class='ocrx_word' id='word_1_391' title='bbox 429 4475 456 4488; x_wconf 91' lang='lat'><strong>..</strong></span> <span class='ocrx_word' id='word_1_392' title='bbox 475 4438 509 4488; x_wconf 64' lang='grc' dir='ltr'><strong>1)*ι</strong></span> <span class='ocrx_word' id='word_1_393' title='bbox 527 4440 570 4503; x_wconf 76' lang='lat' dir='ltr'><strong>qai</strong></span> <span class='ocrx_word' id='word_1_394' title='bbox 584 4440 654 4504; x_wconf 80' lang='lat' dir='ltr'><strong>serit</strong></span> <span class='ocrx_word' id='word_1_395' title='bbox 672 4457 704 4488; x_wconf 84' lang='lat' dir='ltr'><strong>aa</strong></span> <span class='ocrx_word' id='word_1_396' title='bbox 722 4440 796 4489; x_wconf 80' lang='lat' dir='ltr'><strong>iarait</strong></span> <span class='ocrx_word' id='word_1_397' title='bbox 813 4438 898 4503; x_wconf 79' lang='lat' dir='ltr'><strong>templ.</strong></span> <span class='ocrx_word' id='word_1_398' title='bbox 916 4439 986 4490; x_wconf 67' lang='lat' dir='ltr'><strong>istud</strong></span> <span class='ocrx_word' id='word_1_399' title='bbox 1003 4439 1141 4505; x_wconf 74' lang='lat' dir='ltr'><strong>aedificari</strong></span> <span class='ocrx_word' id='word_1_400' title='bbox 1160 4437 1164 4500; x_wconf 96' lang='grc' dir='ltr'>Ι</span> <span class='ocrx_word' id='word_1_401' title='bbox 1184 4439 1250 4488; x_wconf 80' lang='lat' dir='ltr'><strong>Amb</strong></span> <span class='ocrx_word' id='word_1_402' title='bbox 1269 4454 1311 4488; x_wconf 88' lang='lat' dir='ltr'><strong>cm</strong></span> <span class='ocrx_word' id='word_1_403' title='bbox 1333 4456 1363 4489; x_wconf 80' lang='lat' dir='ltr'><strong>ae</strong></span> <span class='ocrx_word' id='word_1_404' title='bbox 1380 4455 1466 4489; x_wconf 77' lang='lat' dir='ltr'><strong>veram</strong></span> 
     </span>
     <span class='ocr_line' id='line_1_41' title="bbox 264 4515 1466 4592; baseline 0.002 -19"><span class='ocrx_word' id='word_1_405' title='bbox 264 4525 307 4574; x_wconf 84' lang='lat' dir='ltr'><strong>rrri.</strong></span> <span class='ocrx_word' id='word_1_406' title='bbox 326 4532 375 4575; x_wconf 81' lang='lat' dir='ltr'><strong>tac.</strong></span> <span class='ocrx_word' id='word_1_407' title='bbox 400 4524 405 4586; x_wconf 93' lang='grc' dir='ltr'>Ι</span> <span class='ocrx_word' id='word_1_408' title='bbox 429 4526 472 4576; x_wconf 80' lang='lat' dir='ltr'><strong>aad</strong></span> <span class='ocrx_word' id='word_1_409' title='bbox 491 4542 556 4575; x_wconf 77' lang='lat' dir='ltr'><strong>rura</strong></span> <span class='ocrx_word' id='word_1_410' title='bbox 573 4528 650 4579; x_wconf 78' lang='lat' dir='ltr'><strong>dicite</strong></span> <span class='ocrx_word' id='word_1_411' title='bbox 668 4527 713 4589; x_wconf 67' lang='lat'><strong>(1³⁸</strong></span> <span class='ocrx_word' id='word_1_412' title='bbox 731 4526 846 4591; x_wconf 75' lang='lat' dir='ltr'><strong>diritate)</strong></span> <span class='ocrx_word' id='word_1_413' title='bbox 869 4527 968 4577; x_wconf 72' lang='lat' dir='ltr'><strong>sicum</strong></span> <span class='ocrx_word' id='word_1_414' title='bbox 988 4527 1039 4577; x_wconf 79' lang='lat' dir='ltr'><strong>Hal</strong></span> <span class='ocrx_word' id='word_1_415' title='bbox 1058 4515 1153 4592; x_wconf 65' lang='lat' dir='ltr'><strong>laipued</strong></span> <span class='ocrx_word' id='word_1_416' title='bbox 1173 4562 1179 4575; x_wconf 86' lang='lat'>.</span> <span class='ocrx_word' id='word_1_417' title='bbox 1198 4562 1204 4576; x_wconf 91' lang='lat'>.</span> <span class='ocrx_word' id='word_1_418' title='bbox 1225 4525 1289 4576; x_wconf 74' lang='lat' dir='ltr'><strong>Amb</strong></span> <span class='ocrx_word' id='word_1_419' title='bbox 1307 4532 1332 4575; x_wconf 83' lang='lat' dir='ltr'><strong>et</strong></span> <span class='ocrx_word' id='word_1_420' title='bbox 1349 4526 1373 4576; x_wconf 80' lang='lat' dir='ltr'><strong>ai</strong></span> <span class='ocrx_word' id='word_1_421' title='bbox 1396 4527 1400 4587; x_wconf 96' lang='grc' dir='ltr'>Ι</span> <span class='ocrx_word' id='word_1_422' title='bbox 1424 4527 1466 4576; x_wconf 81' lang='lat' dir='ltr'><strong>da·</strong></span> 
     </span>
     <span class='ocr_line' id='line_1_42' title="bbox 265 4611 1467 4679; baseline 0.004 -20"><span class='ocrx_word' id='word_1_423' title='bbox 265 4611 336 4662; x_wconf 79' lang='lat' dir='ltr'><strong>dabat</strong></span> <span class='ocrx_word' id='word_1_424' title='bbox 357 4626 415 4662; x_wconf 87' lang='lat' dir='ltr'><strong>cum</strong></span> <span class='ocrx_word' id='word_1_425' title='bbox 439 4613 505 4662; x_wconf 81' lang='lat' dir='ltr'><strong>Arub</strong></span> <span class='ocrx_word' id='word_1_426' title='bbox 530 4649 536 4664; x_wconf 90' lang='lat'><em>.</em></span> <span class='ocrx_word' id='word_1_427' title='bbox 559 4649 566 4662; x_wconf 88' lang='lat'><strong>.</strong></span> <span class='ocrx_word' id='word_1_428' title='bbox 591 4614 625 4665; x_wconf 64' lang='lat' dir='ltr'><strong>ua</strong></span> <span class='ocrx_word' id='word_1_429' title='bbox 646 4615 772 4664; x_wconf 66' lang='lat' dir='ltr'><strong>actuosa</strong></span> <span class='ocrx_word' id='word_1_430' title='bbox 798 4613 802 4679; x_wconf 95' lang='grc' dir='ltr'>Ι</span> <span class='ocrx_word' id='word_1_431' title='bbox 829 4615 853 4664; x_wconf 81' lang='lat' dir='ltr'><strong>ri</strong></span> <span class='ocrx_word' id='word_1_432' title='bbox 876 4615 1023 4678; x_wconf 52' lang='lat' dir='ltr'><strong>&amp;rorantes</strong></span> <span class='ocrx_word' id='word_1_433' title='bbox 1042 4643 1051 4653; x_wconf 92' lang='lat'><em>-</em></span> <span class='ocrx_word' id='word_1_434' title='bbox 1072 4616 1179 4664; x_wconf 81' lang='lat' dir='ltr'><strong>scienter</strong></span> <span class='ocrx_word' id='word_1_435' title='bbox 1203 4628 1261 4662; x_wconf 86' lang='lat' dir='ltr'><strong>cum</strong></span> <span class='ocrx_word' id='word_1_436' title='bbox 1280 4613 1346 4663; x_wconf 78' lang='lat' dir='ltr'><strong>Amb</strong></span> <span class='ocrx_word' id='word_1_437' title='bbox 1373 4649 1379 4663; x_wconf 93' lang='lat'><em>.</em></span> <span class='ocrx_word' id='word_1_438' title='bbox 1401 4648 1408 4662; x_wconf 88' lang='lat'><strong>.</strong></span> <span class='ocrx_word' id='word_1_439' title='bbox 1433 4613 1467 4664; x_wconf 66' lang='grc' dir='ltr'><strong>Β·</strong></span> 
     </span>
     <span class='ocr_line' id='line_1_43' title="bbox 265 4705 367 4752; baseline -0.01 0"><span class='ocrx_word' id='word_1_440' title='bbox 265 4705 308 4752; x_wconf 85' lang='lat' dir='ltr'><strong>otc</strong></span> <span class='ocrx_word' id='word_1_441' title='bbox 327 4717 367 4752; x_wconf 87' lang='lat' dir='ltr'><strong>om</strong></span> 
     </span>
    </p>
   </div>
   <div class='ocr_carea' id='block_1_7' title="bbox 0 0 1734 5640">
    <p class='ocr_par' dir='ltr' id='par_1_9' title="bbox 0 0 1734 5640">
     <span class='ocr_line' id='line_1_44' title="bbox 0 0 1734 5640; baseline 0 1"><span class='ocrx_word' id='word_1_442' title='bbox 0 0 1734 5640; x_wconf 95' lang='lat' dir='ltr'><strong> </strong></span> 
     </span>
    </p>
   </div>
  </div>
 </body>
</html>
