3458 5640
706 618 978 672 rsonneoussi.
1367 619 1443 683 xvu'

247 792 307 855 pro
337 768 516 856 ὂμειδῐσθκε
553 766 614 834 IV.
646 757 749 854 ἧλθεμ
778 767 940 854 ἅγγελοσ
1068 766 1139 832 iboni
1167 767 1235 834 edit
1263 791 1336 835 cum
1359 770 1444 835 mira

248 882 389 966 quadam
421 880 611 946 coniectura
640 901 701 963 pro
738 870 842 965 ἧλθομ
875 880 1023 965 ἄγγελοι
1062 881 1119 944 δύο
1149 883 1326 966 λέγομτεσ
1357 877 1441 965 αὐτῇ

241 995 342 1059 Ἱδούε
372 994 434 1060 VI.
458 990 628 1077 ἆμΗμιαῐου
654 1013 714 1074 pro
738 996 946 1076 {popupiniou
969 991 1076 1075 fingit,
1104 991 1270 1076 ἀφείλετο
1294 993 1335 1056 τὸ
1359 993 1443 1078 ‹iper-

248 1106 308 1170 δόσ
331 1096 393 1188 pou
416 1108 453 1189 ἐμ
477 1103 597 1168 adroic
619 1125 678 1186 pro
697 1102 867 1186 ἁῴεῐλατό
891 1126 931 1185 με
954 1103 996 1165 τὸ
1019 1102 1150 1187 ὄμειδόσ
1173 1128 1234 1188 μου
1256 1106 1292 1188 ep
1312 1104 1442 1188 ἆμθρώ-

247 1240 349 1279 ωοισ;
378 1215 462 1282 VII.
485 1213 643 1299 dpdpopui
666 1213 767 1278 habet
787 1233 848 1294 pro
872 1211 1053 1295 ‹ipdpopcp‚
1078 1213 1185 1296 μήωω
1208 1234 1269 1296 pro
1293 1214 1443 1296 μήωωστ

221 1325 349 1393 ,ἮΙΙ.
381 1325 421 1388 οὐ
449 1322 665 1406 κατεστράῲη
694 1343 754 1404 pro
785 1321 842 1385 οῦκ
871 1319 1097 1404 διωεστρόῲυ-ἱ
1130 1323 1260 1386 δώδεκα
1390 1322 1444 1386 κό-

248 1437 349 1518 δομομ
374 1442 462 1514 (cum
483 1433 584 1514 longa
607 1431 769 1514 oratione)
792 1451 853 1512 pro
877 1430 1148 1515 δωδεκακὸδομομ
1167 1432 1258 1513 (sic):
1282 1432 1348 1496 IX.
1364 1457 1442 1517 oop-

249 1545 424 1632 ελθόμτωμ
456 1565 517 1628 pro
549 1541 799 1628 συμελθόμτεσ,
831 1540 946 1607 scribit
971 1541 1101 1625 Ἰωσὴφ
1249 1566 1290 1607 σε
1322 1547 1358 1629 ἐμ
1389 1539 1443 1630 τῷ

250 1659 402 1740 (,‚lacuna
424 1680 483 1722 non
506 1660 605 1721 maior
626 1659 715 1720 unius
736 1657 820 1720 verbi
839 1659 969 1742 spatio.“
1014 1656 1139 1742 „lqitur
1161 1656 1314 1743 hymmum
1341 1681 1443 1720 κατα-

248 1774 366 1836 λεῐωω
391 1782 463 1836 σε.“
509 1747 625 1853 „Vides
647 1772 743 1834 metri
762 1771 970 1851 brevitatem),
993 1772 1029 1833 at
1051 1775 1102 1833 est
1116 1768 1248 1855 Ἰωσὴφ
1264 1768 1350 1833 Ἰδοὺ
1371 1793 1444 1833 ωα-

250 1883 393 1969 ρέλαΒόμ
422 1907 463 1947 σε
493 1886 529 1947 ἑκ
556 1876 639 1968 pund
666 1884 787 1966 κυρίου,
820 1885 869 1945 καὶ
901 1876 958 1967 μῦμ
991 1884 1197 1946 aaronem
1231 1906 1272 1946 σε
1304 1883 1340 1969 ἐμ
1373 1877 1444 1967 rep:

249 1994 335 2061 XII.
354 1998 470 2080 ἐγώκε
489 1996 583 2081 (,‚le9e
600 1996 754 2079 ἑγώγε“)
778 1992 880 2058 habet
897 2015 957 2076 pro
978 1995 1066 2078 ἐγώ,
1090 1994 1175 2077 κύριε
1195 1998 1245 2075 (κε
1262 1993 1445 2078 scriptum).

251 2107 352 2174 (iuius
380 2105 509 2190 generis
535 2105 601 2171 alia
622 2106 729 2170 multa
750 2125 851 2188 quum
875 2126 915 2170 ex
936 2104 1053 2170 iisdem
1077 2109 1147 2169 tum
1171 2126 1209 2170 ex
1232 2103 1370 2189 reliquis
1393 2128 1444 2172 ca·

249 2218 372 2304 pitibus
400 2217 510 2284 afferri
536 2217 717 2300 possunt¹).
762 2215 804 2281 In
832 2216 920 2282 notis
946 2237 1024 2282 vero
1055 2215 1186 2301 siquid
1216 2216 1294 2282 boni
1322 2217 1446 2302 est,'id

250 2337 356 2399 totum
380 2354 400 2396 a
422 2329 563 2395 'Philone
584 2329 714 2413 pendet.

335 2444 455 2510 Restat
476 2446 514 2507 ut
536 2440 581 2508 de
605 2448 744 2508 nostra
766 2440 947 2507 editione
971 2442 1180 2524 explicemus,
1222 2440 1444 2508 Adhibuimus

226 2602 229 2607 ι
249 2564 380 2642 praeter
401 2555 570 2640 vulgatum
595 2559 644 2638 (r)
669 2560 703 2620 et
722 2553 863 2620 Postelli
883 2556 977 2636 (Poe)
1001 2558 1129 2619 textum
1152 2552 1283 2620 codices
1306 2559 1445 2639 septem·
1496 2588 1504 2599 ·

250 2669 361 2734 decim.
394 2667 435 2732 ln
453 2667 504 2732 his
522 2668 650 2734 codices
669 2689 713 2733 ns
736 2674 770 2732 et
791 2668 913 2750 integri
936 2671 1014 2731 sunt
1036 2672 1069 2732 et
1091 2668 1155 2732 toti
1178 2688 1197 2732 a
1220 2667 1314 2732 nobis
1337 2673 1443 2733 trans-

250 2780 371 2862 scripti.
416 2778 554 2846 Codices
577 2800 626 2844 mr
648 2800 784 2863 magnes
807 2784 937 2844 tanturn
960 2778 1200 2864 proterangelii
1228 2783 1340 2863 partes
1368 2801 1444 2845 con·

250 2893 356 2957 tinent
378 2912 500 2975 easque
523 2869 650 2975 pariter
671 2891 768 2975 plene
791 2891 1085 2974 transscripsimus.
1123 2890 1282 2958 Codicum
1299 2912 1363 2966 oro
1380 2892 1445 2976 pri-

250 3025 319 3069 mas
341 3004 439 3069 modo
462 3011 496 3070 et
518 3011 681 3070 extremas
703 3010 816 3088 partes
839 3004 1034 3070 notavimus.
1079 3003 1191 3088 Codex
1214 3027 1236 3071 n
1262 3028 1383 3089 magna
1405 3027 1445 3070 ex

252 3121 345 3199 parte
366 3114 455 3180 inira
476 3121 650 3198 excerptus
673 3120 733 3198 est,
755 3115 812 3181 sed
835 3115 877 3181 ad
899 3115 1137 3180 recensendum
1157 3121 1284 3181 textum
1301 3116 1444 3182 nondum

251 3233 380 3310 praesto
394 3227 509 3309 erate.
533 3226 575 3292 In
591 3226 787 3292 adhibendis
806 3227 941 3309 reliquis
958 3227 1099 3290 aliorum
1118 3226 1181 3290 fide
1197 3227 1348 3291 standum
1364 3234 1443 3292 erat.
1546 3208 1549 3217 ¹

250 3338 380 3419 Trium,
410 3337 450 3402 de
474 3337 592 3419 quibus
620 3330 708 3401 in'fra
730 3336 802 3400 vide
826 3337 886 3401 sub
910 3339 998 3418 rebor,
1027 3337 1198 3421 lectiones,
1226 3359 1344 3420 parum
1366 3337 1442 3404 illae

251 3448 382 3533 quidem
393 3448 520 3514 curiose
530 3453 675 3530 notatae,
689 3447 851 3512 debentur
861 3448 1013 3527 Birchi03
1026 3447 1229 3531 reliquorum
1240 3449 1294 3513 ie.
1305 3468 1443 3515 cunnus

250 3559 432 3625 industriae
448 3558 606 3624 'Philonis
636 3558 704 3624 Hic
720 3557 834 3623 attulit
849 3581 888 3624 ex
904 3558 1032 3625 duobus
1047 3560 1174 3625 ultimis
1189 3561 1209 3626 i.
1220 3582 1246 3626 e.
1256 3581 1307 3628 mii
1322 3581 1442 3644 paucas

248 3678 378 3739 tantum
400 3671 567 3752 lectiones,
590 3692 630 3735 ex
653 3670 765 3737 codice
788 3693 866 3737 vero
887 3691 904 3737 c
927 3673 1033 3755 ipsum
1055 3676 1184 3738 textum
1207 3695 1302 3737 suum
1324 3672 1444 3754 hausit,

249 3808 269 3850 a
292 3806 357 3869 quo
381 3783 604 3865 discrepantes
629 3782 778 3848 codicum
800 3804 869 3848 nnn
892 3784 1051 3849 lectiones
1074 3783 1240 3849 indicarit.
1285 3782 1376 3868 Quos
1399 3783 1444 3848 la·

249 3898 344 3964 bores
368 3897 430 3962 etsi
452 3895 563 3978 magni
586 3894 687 3978 secio,
715 3901 826 3961 tamen
849 3917 957 3979 saepe,
982 3897 1016 3959 in
1038 3896 1174 3960 minutis
1196 3896 1336 3960 maxime
1358 3915 1443 3979 quae

250 4008 400 4073 videntur
422 4006 530 4088 rebus,
553 4028 593 4071 ex
615 4007 844 4072 notationibus
860 4006 1011 4072 'Philonis
1028 4007 1108 4089 quid
1129 4008 1163 4069 in
1182 4005 1348 4071 codicibus
1366 4006 1442 4071 seri·

249 4124 342 4200 ptum
370 4116 414 4179 sit
441 4137 506 4180 non
531 4117 611 4178 satis
634 4115 763 4180 definiri
786 4121 906 4198 potest.
950 4116 1042 4179 Hine
1065 4116 1097 4179 in
1122 4115 1355 4180 commentario
1378 4114 1443 4196 ple-

250 4247 386 4310 rumque
408 4247 474 4290 non
497 4227 684 4291 notavimus
707 4227 770 4291 nisi
794 4226 833 4290 de
857 4225 977 4309 quibus
1000 4225 1123 4309 ambigi
1146 4248 1212 4291 non
1234 4229 1353 4309 posset.

333 4336 488 4402 Accessit
509 4358 585 4402 vero
609 4338 708 4402 etiam
732 4337 773 4401 ad
797 4337 1070 4403 commentarium
1097 4342 1244 4402 nostrum
1266 4335 1363 4420 piena
1385 4357 1440 4401 no·

252 4470 464 4481 ---—---

334 4546 357 4613 1)
375 4549 462 4598 Peuce
475 4549 529 4598 elie
540 4550 591 4597 iem
605 4548 780 4599 iudicavimus
798 4550 826 4599 in
838 4549 987 4616 appendice
1000 4549 1095 4599 critice
1107 4549 1306 4599 dissertationis
1319 4547 1351 4598 de
1364 4562 1440 4599 even·

251 4636 379 4701 geiiornm
397 4633 608 4698 apocryphorum
627 4634 731 4699 origine
750 4637 779 4684 ut
795 4650 852 4685 usu.
882 4636 974 4700 Hegee
992 4634 1124 4685 Comitum
1143 4636 1218 4684 1851.
1239 4650 1300 4699 pag.
1313 4635 1362 4684 20³
1380 4648 1438 4696 sqq.
1479 4675 1486 4689 .

333 4717 356 4786 ἲ)
375 4719 428 4769 Sed
446 4718 479 4769 de
498 4719 548 4768 hoo
566 4719 658 4769 codiee
676 4733 695 4769 n
715 4736 739 4770 v.
758 4722 840 4785 praef.
