3458 5640
312 544 374 608 426
663 546 791 598 EVANG.
811 544 987 598 alconem
1010 547 1097 599 PARS
1115 547 1153 601 11.
1191 621 1194 634 Ι

313 701 527 780 cumstantes,
557 694 668 762 audite
695 718 784 764 meas
811 698 999 764 sententias.
1043 697 1085 764 In
1107 698 1206 765 terris
1228 720 1302 765 cum
1324 720 1445 784 essem,
1474 707 1508 766 et

260 809 262 813 ’
313 799 451 867 docente
473 822 525 866 me
547 801 666 886 spiritu
690 807 819 885 sancto,
845 802 880 867 in
902 801 1080 887 prophetia
1100 802 1141 870 de
1162 803 1228 871 hoc
1249 802 1353 870 cecini
1381 804 1507 872 lumine

313 906 392 992 quia
421 908 564 992 populns
593 909 650 993 qui
682 907 819 975 sedebat
848 908 884 973 in
914 907 1062 975 tenebris
1089 910 1172 976 vidit
1200 909 1311 977 lumen
1341 932 1507 998 magnum,

312 1009 539 1077 habitantibus
568 1011 602 1078 in
630 1012 768 1097 regione
796 1011 933 1080 umbrae
960 1013 1079 1080 mortis
1101 1012 1157 1078 lux
1181 1017 1254 1079 orta
1276 1018 1327 1079 est
1347 1015 1406 1080 eis.
1449 1016 1507 1083 Ad

312 1114 405 1179 cuius
436 1136 550 1181 vocem
582 1121 676 1201 pater
706 1115 817 1182 Adam
851 1122 885 1182 et
920 1137 1034 1182 omnes
1071 1116 1221 1182 conversi
1256 1117 1508 1202 interrogabant

313 1237 400 1283 eum:
427 1218 478 1285 Tu
501 1220 575 1304 quis
598 1219 655 1287 es?
678 1220 758 1304 quia
779 1242 856 1287 vera
878 1225 956 1285 sunt
977 1240 1062 1306 quae
1084 1219 1240 1305 loqueris.
1284 1221 1334 1285 At
1354 1221 1411 1287 ille
1433 1221 1507 1288 sub·

311 1323 452 1407 iungens
474 1326 522 1391 ait
543 1326 650 1392 Isaiae
674 1346 734 1411 ego
759 1347 830 1392 sum
853 1326 995 1392 nomine.

398 1445 519 1511 ²Tunc
541 1447 695 1530 apparuit
718 1446 803 1511 alius
830 1446 923 1511 irrxta
950 1467 1023 1511 eum
1047 1447 1141 1530 quasi
1171 1445 1356 1512 eremicola
1400 1445 1505 1532 Quem

311 1546 555 1631 interrogantes
582 1547 752 1613 dixerunt:
783 1546 835 1613 Tu
863 1548 937 1632 quis
965 1569 1015 1631 ss,
1046 1549 1103 1633 qui
1132 1547 1212 1614 talia
1239 1553 1349 1633 gestas
1375 1548 1409 1613 in
1437 1570 1508 1616 cor·

311 1652 417 1737 pore?
454 1653 505 1719 At
531 1652 587 1720 illc
616 1659 807 1719 constanter
837 1653 1025 1738 respondit:
1055 1653 1129 1738 Ego
1159 1675 1231 1719 sum
1258 1653 1426 1720 Iohannes
1452 1652 1507 1720 ba-

311 1759 428 1844 ptista,
458 1780 522 1825 vox
555 1765 589 1824 et
618 1758 782 1843 propbeta
811 1757 974 1824 altissimi.
1022 1758 1096 1843 Ego
1129 1759 1253 1842 praeivi
1285 1766 1360 1825 anto
1391 1759 1508 1826 fraciam

312 1861 438 1929 domini
468 1861 614 1928 eiusdem
646 1867 684 1927 ut
709 1860 840 1928 deserta
871 1867 905 1928 et
935 1883 1052 1947 aspera
1080 1862 1113 1926 in
1137 1863 1206 1928 vias
1232 1863 1348 1946 planas
1375 1884 1508 1947 perago·

312 1986 392 2032 rem.
438 1964 512 2049 Ego
544 1987 665 2049 agnum
693 1965 819 2032 domini
851 1971 884 2032 at
911 1965 964 2032 dei
995 1965 1098 2032 filium
1130 1965 1375 2052 lerosolymitis
1404 1967 1507 2050 digito

313 2093 387 2137 meo
412 2070 541 2137 ostendi
565 2076 599 2136 ct
621 2071 806 2136 clarificavi.
849 2072 923 2156 Ego
946 2072 1111 2155 baptizavi
1135 2093 1209 2137 euru
1231 2072 1266 2137 in
1284 2071 1429 2137 Iordane
1450 2073 1509 2137 llu-

314 2176 411 2240 mine.
455 2174 530 2258 Ego
553 2194 668 2240 vocem
695 2175 800 2259 patris
823 2175 864 2240 de
892 2175 983 2241 caelo
1007 2197 1106 2259 super
1129 2197 1203 2241 eum
1225 2174 1431 2242 intonantem
1454 2199 1509 2243 au-

313 2279 380 2346 divi
413 2283 447 2344 ot
478 2278 734 2363 proclamantem
766 2278 835 2345 Hic
867 2285 918 2345 est
947 2278 1033 2345 filius
1064 2301 1157 2344 meus
1188 2279 1343 2363 dilectus,
1378 2281 1413 2345 in
1443 2303 1509 2365 quo

312 2383 393 2450 mihi
417 2381 501 2449 bene
524 2380 733 2467 complacuit.
776 2382 851 2468 Ego
875 2381 916 2450 ab
940 2403 979 2450 co
1002 2403 1196 2468 responsum
1217 2383 1330 2468 accepi
1346 2385 1425 2468 quia
1439 2384 1510 2469 ipse

313 2489 532 2556 descensurus
555 2495 642 2554 esset
663 2488 704 2555 ml
728 2488 861 2556 inferos.

398 2611 494 2678 Tunc
529 2617 623 2696 pater
660 2609 770 2679 Adam
807 2611 945 2679 audiens
980 2611 1046 2677 istu
1082 2610 1236 2678 clamavit
1270 2632 1351 2678 voce
1391 2632 1511 2695 magna

312 2718 461 2784 Alleluia
484 2717 731 2802 conclamitans,
754 2717 844 2803 quod
867 2717 1120 2801 interpretatur:
1151 2715 1319 2782 Dominus
1340 2715 1431 2781 venit
1452 2737 1511 2798 per

314 2841 433 2887 omnm.

315 3119 342 3182 (c
360 3119 412 3169 add
431 3121 458 3168 in
476 3118 594 3183 corpore)
613 3122 637 3167 et
657 3153 686 3168 ..
706 3131 722 3168 a
742 3134 783 3167 our
801 3122 826 3167 et
850 3119 854 3183 Ι
879 3131 956 3168 nour
976 3118 1002 3166 ia
1016 3117 1155 3181 proplelta
1179 3119 1183 3174 Ι
1207 3117 1269 3180 qaia
1286 3114 1314 3177 (a
1333 3114 1386 3178 crin)
1400 3115 1512 3178 popular

315 3232 324 3242 ·
343 3205 425 3254 lusaea
442 3222 525 3268 sarrya.
545 3205 571 3266 (c
590 3206 669 3255 lea-em
687 3203 830 3267 crapulam),
853 3203 1003 3252 lalltautll.
1023 3201 1051 3263 (Β
1070 3201 1246 3264 astrbalaata'l.)
1265 3227 1274 3237 ·
1292 3206 1330 3250 ert
1347 3203 1384 3250 ele
1401 3217 1459 3250 erim
1478 3215 1512 3252 Bc

316 3328 345 3342 ..
370 3309 387 3345 a
407 3293 467 3357 quia
489 3309 550 3355 pop.
569 3292 612 3357 qai
635 3292 782 3341 ambulalat
799 3293 826 3340 ia
844 3295 893 3340 tea.
913 3292 957 3339 lua
975 3296 1035 3340 orta
1052 3294 1090 3340 eet
1107 3291 1157 3348 eis,
1185 3295 1240 3337 tum
1266 3290 1356 3354 pergit
1379 3289 1421 3338 bis
1444 3305 1511 3351 quac

315 3376 406 3425 cadom
427 3389 442 3426 c
461 3376 538 3424 addit
562 3379 587 3424 et
607 3377 634 3424 ia
652 3376 754 3438 rapinae
771 3376 861 3439 mostis
877 3374 1046 3423 habitantium
1070 3373 1121 3434 (sic
1140 3372 1265 3436 uterque)
1288 3372 1373 3420 videat
1396 3369 1422 3433 (c
1444 3372 1511 3420 cide·

315 3460 386 3522 reat)
403 3460 516 3523 plotium
534 3462 575 3509 dei
594 3460 755 3522 perlucidam
775 3459 780 3522 1
802 3461 916 3510 οοκυενεί
935 3495 964 3508 ..
985 3459 1100 3522 cyculel
1115 3462 1119 3516 1
1135 3458 1196 3521 quia
1213 3457 1240 3520 (c
1259 3455 1311 3517 orn)
1331 3472 1393 3504 uera
1409 3460 1467 3504 suat
1485 3454 1512 3516 (c

316 3546 367 3595 add
387 3544 448 3607 ista)
471 3563 533 3609 puae
552 3562 610 3595 curu
630 3561 663 3597 ac
683 3581 711 3594 ..
732 3559 748 3595 B
768 3547 811 3609 pai

402 3652 426 3699 2.
465 3647 506 3698 Ct.
526 3646 550 3699 A
569 3648 605 3706 ll,
624 3652 649 3697 3.
679 3649 817 3712 equidm
835 3648 915 3707 allae,
938 3648 1043 3697 omissis
1062 3648 1134 3696 iaxta
1152 3662 1206 3696 eum
1226 3644 1230 3709 Ι
1251 3662 1267 3697 Α
1287 3662 1328 3694 om
1348 3643 1511 3708 baptistals

316 3739 375 3784 aute
385 3737 445 3799 suo.
466 3735 545 3786 elaad.
563 3735 629 3784 dona.
649 3734 675 3783 ia
693 3735 792 3784 deserto
811 3750 904 3798 aspera
920 3734 977 3783 viae
991 3734 1088 3797 plateae
1104 3749 1227 3796 parspere
1242 3729 1246 3793 Ι
1262 3748 1320 3795 apa.
1341 3730 1435 3779 domiai
1453 3746 1510 3778 ursin

316 3838 350 3875 ac
370 3859 399 3873 ..
419 3837 436 3873 B
454 3841 512 3887 apa.
533 3825 576 3872 dei
596 3827 600 3880 Ι
620 3836 655 3873 ΑΒ
673 3822 831 3872 Imouoltmls
851 3824 856 3880 Ι
877 3826 901 3871 et
920 3822 1064 3888 clarificavi
1087 3838 1144 3871 cirin
1164 3836 1180 3871 Λ
1201 3856 1229 3870 ..
1250 3832 1266 3870 Β
1285 3836 1326 3868 om
1346 3853 1374 3867 ..
1394 3831 1409 3868 c
1426 3819 1512 3866 diceas

316 3911 385 3959 Ecce
402 3926 483 3972 aynae
500 3911 550 3967 del,
569 3927 624 3958 ecee
642 3911 686 3974 qul
703 3909 773 3958 tollit
787 3913 896 3975 peecata
912 3909 1006 3958 mussat.
1042 3908 1077 3956 ab
1096 3925 1113 3956 a
1129 3924 1167 3956 me
1184 3907 1253 3956 aenis
1271 3905 1406 3968 baptizari,
1424 3908 1448 3953 et
1466 3920 1510 3967 epo

316 4002 375 4046 ate
393 3999 467 4047 (leben
487 3998 621 4060 baptizari.
658 3997 723 4046 Tum
746 3997 816 4046 idem
841 3997 930 4061 pergit
952 3997 991 4044 Et
1012 3997 1070 4044 alam
1093 3996 1247 4060 baptizarem
1270 4010 1323 4044 mm
1346 3994 1373 4040 la
1391 3993 1511 4048 Iordane,

316 4083 504 4131 audivivocem
522 4083 553 4130 cle
572 4082 643 4131 caelo
661 4098 737 4146 saper
755 4098 809 4130 elasa
827 4083 983 4131 intonantem
1001 4080 1053 4129 Hic
1071 4083 1109 4128 est
1127 4084 1179 4128 etc.
1196 4081 1201 4139 1
1220 4091 1237 4128 n
1256 4077 1396 4138 cataplacal

405 4185 472 4232 lleac
490 4177 567 4248 pater
585 4186 670 4233 Adam
688 4190 731 4233 cte
751 4220 758 4233 .
777 4220 784 4233 .
805 4198 820 4236 c
839 4185 891 4233 sic:
919 4184 986 4232 abac
1004 4198 1050 4246 pa.
1070 4184 1121 4231 Ad.
1139 4198 1193 4230 creas
1212 4181 1274 4229 allis
1292 4181 1512 4241 lesterropaueraat

315 4284 370 4316 eam
395 4269 430 4315 ab
449 4268 505 4331 quir
527 4286 565 4325 ee,
591 4268 634 4332 qai
658 4268 725 4316 talia
748 4268 823 4330 epistt
845 4269 872 4316 ia
897 4268 1019 4330 corporet
1054 4267 1091 4314 At
1113 4265 1159 4314 ille
1179 4266 1301 4313 lohannes
1319 4263 1431 4323 baptista
1448 4278 1510 4309 eam.

317 4355 424 4418 &mque
442 4354 555 4403 audisset
571 4359 648 4416 pater
664 4359 751 4403 noster
770 4354 861 4413 Adam,
885 4370 941 4402 aare
960 4369 1051 4416 nrapaa
1070 4352 1190 4400 claraaoit
1208 4349 1333 4408 Alleluia,
1351 4349 1416 4412 qaod
1434 4348 1511 4396 inter·

313 4444 433 4503 pretatur
451 4442 522 4490 Deae
538 4441 614 4492 uenit.
