3458 5640
454 541 787 593 Peenno-uenenum
806 503 1044 592 eveueemuu.
1075 540 1147 591 CAP.
1167 541 1270 593 XXXX.
1399 540 1459 604 109

261 697 322 757 aut
331 690 480 757 facultas
491 689 573 755 huic
583 689 1027 774 praestandibeneficium?
1048 688 1338 758 Ouidixitlesus:
1359 691 1459 758 Tolle

261 793 437 861 sudarium
455 793 548 878 quod
575 799 753 879 estsuper
776 800 881 881 caput
905 800 1003 861 tuum
1029 800 1064 861 et
1083 793 1168 861 vade
1195 801 1230 861 et
1253 817 1344 879 pone
1371 796 1459 861 illud

262 920 367 984 super
381 898 506 964 faciem
523 898 652 964 mortui
670 904 705 963 et
721 897 777 964 (lio
794 899 840 964 ei:
861 897 978 966 salvet
994 904 1028 964 te
1041 895 1213 965 Christus.
1236 898 1285 964 Et
1300 921 1378 965 mox
1395 900 1460 966 sal·

260 1008 359 1068 vetus
378 1000 446 1065 erit
466 1006 501 1065 et
516 1007 677 1083 resurget
693 1000 880 1066 defunctus
897 1001 938 1066 de
960 1001 1105 1085 grabato
1126 1024 1199 1069 suo.
1237 1001 1315 1086 Quo
1339 1002 1459 1068 audito

260 1103 388 1187 Ioeeph
406 1103 524 1168 stetim
540 1103 630 1169 abiit
649 1102 694 1168 ud
710 1104 893 1186 imperium
909 1104 991 1170 Iesu
1010 1127 1170 1187 currens,
1192 1110 1228 1170 eb
1242 1105 1387 1171 intrauit
1402 1105 1460 1170 do·

262 1227 352 1270 mum
374 1205 547 1285 defuncti,
571 1213 606 1270 ct
627 1206 805 1271 sudarium
823 1208 916 1290 quod
938 1207 1090 1272 habebat
1111 1228 1217 1291 super
1236 1212 1341 1290 caput
1360 1229 1460 1271 suum

261 1307 379 1389 posuit
389 1328 496 1391 super
506 1305 632 1372 facicm
643 1307 718 1372 eius
731 1309 790 1391 qui
801 1307 939 1373 iacebat
949 1309 983 1372 in
996 1306 1152 1391 grabato,
1169 1313 1205 1373 ct
1215 1307 1316 1373 dixit:
1342 1307 1461 1375 Salvet

262 1416 296 1476 te
313 1410 423 1476 Iesus.
448 1411 496 1476 Et
512 1411 678 1477 continuo
697 1411 848 1477 surrexit
865 1418 1023 1477 mortuus
1040 1412 1082 1478 de
1100 1413 1202 1494 lecto,
1220 1418 1256 1478 et
1269 1410 1461 1496 quaerebat

263 1514 341 1597 quie
358 1518 453 1579 esset
467 1512 580 1579 Iesus.

264 1767 438 1834 aetsacultae
450 1770 549 1832 praeut.
562 1767 586 1816 ei
598 1766 678 1831 benef.
706 1767 752 1816 Cui
763 1767 849 1817 leena:
870 1766 941 1817 Tolle
953 1793 962 1804 ·
975 1767 1053 1826 cale,
1068 1782 1135 1833 pane
1152 1767 1220 1816 illul
1232 1793 1241 1805 ·
1254 1772 1279 1817 et
1290 1769 1346 1819 dic.-
1371 1769 1462 1820 Scluat

263 1862 287 1907 te
299 1857 371 1906 Ieeue
383 1882 392 1894 ·
405 1856 493 1906 atatim
510 1855 545 1904 ad
562 1854 692 1918 imperium
710 1855 769 1904 Ieeu
786 1871 891 1904 carrena
909 1855 1017 1904 intravit
1035 1854 1062 1903 in
1079 1855 1144 1904 dem.
1162 1854 1278 1918 defuncti
1290 1881 1299 1892 ·
1311 1855 1460 1905 babuerat·

262 1944 402 2009 cupersac.
415 1942 477 2000 eine,
489 1947 514 1992 et
527 1942 643 1992 continuo
655 1942 769 1991 surrexit
780 1946 854 1992 mort.
866 1942 897 1992 de
907 1940 1017 2006 arabeta
1030 1957 1074 1990 erro
1087 1949 1139 1991 etc.
1234 1951 1237 1958 ·

333 2029 434 2078 Similia
453 2028 569 2079 narratio
589 2029 616 2078 in
636 2028 728 2078 codice
745 2041 762 2076 e
781 2044 836 2077 non
856 2028 978 2077 hebetur.
1004 2027 1081 2084 Quod
1099 2031 1289 2091 compensetur
1307 2029 1383 2091 queei
1400 2028 1461 2079 aliie

265 2115 386 2180 pluribus
405 2130 472 2180 quae
489 2114 655 2179 praecedunt
672 2119 753 2179 ceput
772 2120 933 2174 extremum,
952 2114 1039 2164 codici
1059 2127 1075 2164 u
1092 2114 1222 2179 propriis,
1240 2113 1292 2164 nisi
1307 2113 1378 2179 quod
1398 2119 1462 2164 sunt

265 2200 394 2252 ciuemodi
408 2216 472 2266 quae
486 2216 516 2252 ex
527 2201 664 2252 canonicis
677 2200 825 2267 evengeliie
839 2201 930 2265 inepte
941 2199 1112 2266 depromptae
1126 2216 1183 2251 eene
1196 2206 1333 2267 appareat.
1352 2199 1463 2252 Habent

266 2293 354 2349 nubem
367 2289 418 2339 ita:

333 2374 449 2426 xxxx&
467 2376 505 2423 Et
520 2376 647 2425 rnultctiee
663 2374 735 2424 Iecur
751 2375 867 2425 mittebat
884 2391 910 2425 ee
929 2375 955 2424 in
966 2391 1037 2424 enare
1054 2372 1186 2424 ambulans
1201 2389 1277 2436 cuper
1294 2389 1388 2439 aquae,
1408 2391 1461 2424 curn

261 2462 431 2528 praecedebat
443 2462 546 2525 nauigia
558 2465 583 2510 et
595 2462 746 2524 expectabat
757 2478 801 2511 ea.-
819 2462 1000 2526 superjacient
1012 2477 1136 2526 aquarum
1147 2464 1220 2509 elane
1230 2460 1382 2510 ascendebat
1391 2460 1419 2508 e'n
1430 2477 1461 2510 ea

265 2549 300 2599 ab
311 2549 412 2598 navitae
421 2552 497 2612 atque
508 2548 614 2598 docebat
625 2564 668 2598 ece
679 2549 710 2597 eie
721 2563 800 2612 renna
812 2548 854 2597 dei
860 2569 868 2605 ,·
880 2548 1018 2613 ubicunque
1030 2547 1175 2605 audiebant,
1183 2561 1312 2610 pauperes
1322 2546 1438 2596 canabat,

333 2623 449 2683 XXXXb.
472 2633 589 2694 Quadam
597 2650 657 2683 vera
669 2635 711 2684 ‹lie
723 2652 777 2682 curn
789 2638 952 2685 accurrerent
964 2634 999 2683 ad
1010 2649 1064 2683 eum
1076 2632 1170 2681 inultae
1183 2633 1271 2682 turbae
1284 2629 1339 2696 [et]
1353 2633 1461 2698 undique

264 2720 417 2784 confluerent
429 2719 463 2765 at
475 2734 529 2766 eum
541 2719 645 2783 infirmi,
658 2720 719 2782 qnia
730 2720 813 2769 cirtae
823 2735 854 2768 ea
866 2735 895 2769 ee
907 2719 1000 2776 exibat,
1013 2717 1122 2768 canabat
1133 2733 1230 2767 amaea:
1242 2718 1274 2766 de
1284 2719 1391 2783 quinque
1402 2736 1461 2769 cera

261 2805 371 2870 panibus
379 2808 404 2852 et
413 2803 508 2853 duobus
515 2806 606 2867 pannis
614 2804 728 2865 piscibue
737 2806 844 2869 quinque
852 2804 926 2853 milla
934 2805 1057 2853 bominum
1066 2805 1187 2854 satiauit:
1199 2803 1313 2868 lepraeae
1321 2804 1460 2863 mundavit,

265 2891 429 2957 nurdoesecit
441 2890 540 2948 audire,
552 2895 633 2940 mentae
645 2891 723 2956 loqui,
736 2907 824 2941 caecae
835 2891 998 2941 illuminavit.

333 2975 448 3026 XXXX⁰.
470 2975 585 3038 Quadam
595 2994 654 3027 cera
663 2978 705 3027 aie
714 2978 772 3027 dum
784 2995 882 3036 caecae,
895 2980 938 3043 qni
949 2993 1075 3041 nunquam
1084 2976 1185 3026 uiderat
1196 2992 1241 3024 nec
1252 2975 1356 3025 baberet
1368 2975 1461 3037 oculor,

267 3062 404 3111 clamaret:
427 3063 553 3111 Miserere
564 3065 620 3121 rinei,
630 3063 678 3129 fili
689 3064 785 3123 David,
802 3069 831 3114 ut
841 3065 948 3122 aldeam,
966 3065 1039 3113 leena
1050 3064 1119 3127 epuit
1137 3063 1164 3111 in
1176 3066 1281 3119 emam,
1291 3061 1361 3127 jecit
1374 3062 1463 3119 lutum,

264 3149 350 3212 poenit
367 3163 443 3209 cuper
461 3149 546 3198 oculum
563 3150 646 3208 caeci,
665 3150 733 3199 elicit
747 3151 782 3200 ael
798 3167 866 3200 euim
895 3150 965 3199 l'ade
984 3148 1044 3198 laca
1062 3147 1096 3196 ad
1107 3147 1241 3196 natatoria
1254 3146 1339 3204 Silae,
1356 3146 1460 3196 uidebit.

267 3234 438 3283 Icitetcidit.

335 3306 452 3366 XXXXd.
474 3319 532 3367 Cum
553 3326 635 3369 autem
653 3320 755 3384 quidam
772 3321 864 3369 nobilis
880 3321 911 3369 de
927 3320 1057 3369 Bethania
1075 3318 1169 3381 (codex
1188 3317 1329 3377 bellania),
1349 3317 1464 3368 dominun

266 3403 391 3461 warnae,
410 3404 452 3467 qni
464 3410 626 3453 commeruerat
638 3406 765 3469 hospitari
776 3407 859 3455 Ieeum
871 3403 925 3470 [cb]
939 3407 1034 3454 amicae
1049 3406 1103 3454 eine
1115 3409 1181 3461 erat,
1199 3402 1270 3465 (cod.
1284 3400 1337 3450 edd
1349 3400 1386 3465 et)
1399 3419 1463 3452 mar·

266 3491 325 3536 tenue
335 3487 362 3535 in
373 3493 527 3538 menimento
538 3491 730 3553 quadriduanae
734 3492 839 3555 suieeet,
852 3492 920 3539 nenit
932 3491 1013 3549 leena,
1026 3489 1177 3538 bicrirnmtue
1188 3493 1226 3538 eet
1237 3505 1314 3552 euper-
1325 3504 1463 3538 nnaneemen·

265 3576 326 3631 tuen,
338 3574 437 3622 cacavit
449 3590 502 3622 eum
514 3576 612 3624 dicerer:
637 3576 737 3624 Latere
750 3578 806 3626 cenni
809 3580 899 3642 forae,
918 3574 972 3642 [et]
985 3576 1103 3627 continua
1115 3576 1149 3626 ad
1162 3576 1293 3639 imperium
1305 3574 1359 3625 eine
1370 3574 1401 3624 de
1413 3590 1462 3623 runo·

264 3663 379 3709 nuinenta
392 3660 478 3709 ecicit.

333 3745 448 3797 XXXX‘.
473 3747 511 3796 Et
524 3753 585 3810 poet
596 3763 695 3813 paucae
712 3750 767 3798 dien
785 3751 887 3815 nitidam
905 3751 1002 3800 incenia
1018 3751 1115 3800 vicinus
1138 3751 1192 3800 eiue
1208 3751 1342 3817 defunctus
1354 3751 1463 3816 suerat,-

261 3832 401 3898 plarabant
413 3848 466 3882 eum
474 3837 595 3894 parentes
606 3834 660 3883 eiua
671 3838 698 3884 et
709 3835 785 3885 aniici
797 3837 961 3885 annarieeime.
981 3837 1096 3885 Audiens
1108 3840 1191 3887 autem
1201 3838 1272 3887 Ieeue
1285 3837 1349 3886 abiit
1360 3841 1386 3886 et
1394 3837 1465 3886 etetn't

266 3923 325 3968 ante
336 3935 397 3976 euin,
412 3918 527 3982 pulsauit
546 3921 572 3968 in
580 3925 685 3984 pectere
697 3922 751 3970 eine
762 3926 787 3971 et
799 3922 880 3971 elicit.-
902 3923 969 3972 Dice
981 3922 1036 3980 tibi,
1056 3923 1160 3982 invenie,
1177 3939 1260 3988 eur9e,
1277 3923 1332 3972 noli
1343 3923 1408 3972 cinari
1419 3923 1464 3971 eed

265 4006 327 4054 eice.
351 4005 389 4053 Et
400 4006 513 4053 eurreeit
525 4007 568 4070 qui
576 4007 672 4070 suerat
684 4012 803 4056 mortuae.
834 4007 952 4058 i‘iaentee
969 4012 1052 4057 autem
1065 4008 1154 4058 turbae
1168 4008 1318 4058 miraculum
1330 4009 1464 4058 dicerunt:

268 4091 423 4155 Ceiuefiliue
435 4096 473 4139 eet
485 4092 545 4149 lete,
565 4093 608 4154 qni
620 4097 658 4140 tat
670 4094 769 4141 arrianae
781 4095 901 4143 liberavit
913 4112 929 4141 a
941 4096 1037 4143 nniortel
1063 4096 1152 4144 Onnnen
1163 4099 1240 4143 eanat
1249 4097 1418 4157 properanter
1430 4093 1464 4141 ad

265 4192 300 4225 ee.
317 4176 446 4225 Dicerunt
457 4178 491 4226 ad
501 4177 599 4227 beatam
608 4179 736 4227 Mariam.-
757 4180 794 4229 Tu
806 4196 832 4229 ee
840 4185 923 4229 eniater
935 4181 1009 4230 ietiue
1018 4182 1111 4245 permit
1129 4181 1269 4245 Respondit
1278 4181 1350 4243 cirac
1359 4180 1463 4228 Maria.-

270 4260 334 4312 l‘ere
351 4279 396 4327 eae
407 4279 460 4311 erem
471 4269 553 4313 nnater
565 4266 632 4314 eice:
651 4267 717 4315 sicut
729 4267 775 4316 cleo
785 4266 895 4331 placuit,
904 4269 996 4333 peperi
1007 4284 1069 4317 eune.
1094 4268 1226 4327 Dicerunt.
1241 4267 1275 4316 ael
1288 4281 1356 4315 eam:
1379 4266 1464 4314 Beata

267 4363 294 4398 ee
310 4352 336 4398 tu
354 4349 420 4398 inter
435 4350 553 4401 nnnulieree
569 4352 675 4410 multae,
694 4349 899 4419 qniajbeneellcit
911 4355 1026 4404 danninue
1033 4354 1152 4419 fructum
1171 4354 1267 4403 centrie
1279 4353 1329 4411 tui,
1348 4352 1464 4417 quereiam

268 4435 343 4485 telem
353 4435 440 4503 filium
450 4437 589 4500 ¹clariacum
601 4440 672 4488 dedit
684 4439 738 4489 tibi.
763 4440 854 4490 Maria
872 4444 955 4490 autem
968 4440 1134 4490 concertabat
1150 4442 1234 4490 onnnia
1245 4439 1322 4489 cerba
1333 4440 1395 4487 baec
1407 4454 1462 4487 can·

260 4525 351 4588 serene
367 4523 393 4571 in
407 4525 481 4574 corele
492 4542 545 4575 ene.
572 4527 609 4576 Ea
622 4543 690 4591 quae
709 4528 824 4577 everbie
844 4528 993 4592 incipiunt:
1019 4528 1149 4577 Diaeerunt
1164 4529 1199 4577 ad
1218 4527 1282 4578 beat.
1296 4527 1410 4576 Mariam
1428 4526 1463 4575 ct.

269 4625 326 4660 cum
339 4625 432 4676 evang.
446 4612 531 4661 nostri
544 4611 635 4661 Thoai.
649 4612 708 4662 but.
722 4614 811 4678 capite
825 4613 895 4672 XIV,
914 4616 952 4671 3.,
972 4613 1149 4680 ᾳυίὺυι,ιῑυηε
1167 4613 1333 4679 respondent
1350 4613 1430 4663 etiem
1443 4624 1462 4660 1>

268 4696 386 4761 praebet.
