3458 5640
492 607 723 659 evaseserunt
743 607 934 658 iussurus
952 606 1145 658 rnnnrcuu.
1173 607 1229 659 nv,
1398 607 1461 671 209

252 756 399 840 quando
414 762 514 840 pater
529 755 669 839 publice
687 776 766 821 eum
782 755 826 820 ad
836 755 1021 821 Iordanem
1033 754 1223 822 declaravit
1239 755 1304 822 hac
1315 757 1462 824 caelitus

256 883 341 928 voce
358 863 524 927 demissa:
556 859 626 926 Hic
646 865 699 925 cst
715 859 807 925 filius
824 880 921 925 meus
940 859 1101 941 dilectus,
1120 860 1155 925 in
1175 881 1242 943 quo
1259 860 1462 944 acquiesco;

256 970 444 1049 praesente
462 965 588 1049 spiritu
607 971 727 1032 sancto
744 965 780 1030 in
797 964 908 1032 forma
923 963 1104 1033 columbae
1123 963 1303 1031 candidae.

752 1204 872 1272 Curua
894 1204 968 1273 LV.

346 1375 417 1441 Hic
439 1380 492 1440 est
512 1396 615 1458 quem
637 1374 813 1459 supplices
839 1374 1038 1456 adoramus,
1065 1375 1124 1458 qui
1147 1378 1335 1443 essentiam
1358 1376 1460 1444 nobis

253 1483 295 1544 et
309 1481 415 1544 vitam
433 1477 531 1545 dedit
547 1484 582 1544 et
601 1500 642 1544 ex
658 1479 767 1546 uteris
783 1484 931 1545 matrum
948 1483 1144 1544 nostrarum
1158 1471 1225 1545 ¹nos
1243 1478 1377 1562 eduxit,
1400 1479 1461 1565 qui

255 1601 387 1666 cerpus
414 1582 602 1648 humanum
626 1590 768 1668 propter
792 1603 855 1648 nos
881 1582 1046 1648 assumsit
1071 1603 1205 1666 nosque
1231 1583 1393 1667 redemit,
1423 1592 1462 1650 ut

254 1687 555 1771 complecteretur
571 1709 633 1752 uos
650 1692 793 1752 aeterna
809 1687 1057 1769 misericordia,
1076 1693 1111 1753 et
1127 1687 1347 1753 clementiam
1363 1709 1460 1755 suam

257 1812 303 1855 ex
319 1790 532 1857 liberalitate
554 1798 589 1857 et
603 1791 837 1858 beneficentia
859 1798 894 1857 et
910 1792 1144 1876 generositate
1168 1798 1203 1858 et
1218 1792 1462 1860 benevelentia

258 1893 364 1959 nobis
382 1893 571 1959 exhiberet.
610 1893 683 1977 Ipsi
702 1899 755 1959 est
771 1895 883 1978 gloria
900 1903 935 1961 et
952 1895 1186 1961 beneficentia
1204 1901 1239 1962 et
1253 1897 1411 1981 potentia
1427 1902 1462 1963 et

257 1996 445 2080 imperium
462 1998 503 2063 ab
521 1999 585 2065 hoc
602 2004 754 2083 tempore
772 2000 807 2064 in
825 2000 1038 2084 sempiterna
1054 2001 1205 2066 saccula.
1237 1998 1360 2067 Amen.

391 2100 581 2185 Explicit
600 2122 872 2167 avsusunrum
895 2123 1124 2167 rsnnmrmn
1149 2110 1278 2170 toturn
1299 2103 1460 2169 auxilio

393 2203 458 2269 <lei
487 2206 682 2288 supremi,
710 2205 938 2271 secundum
967 2226 1137 2290 eaquae
1163 2207 1203 2272 in
1231 2206 1459 2292 archetypo

393 2307 631 2375 invenimus.

330 2519 386 2570 ΙΝ.
404 2523 448 2587 qui
460 2524 606 2574 essentiam:
619 2523 657 2574 ite
671 2524 709 2573 Fi.
723 2538 770 2588 pro
784 2524 901 2588 quoniam
913 2523 1046 2573 euentum

328 2608 387 2673 Ipsi
399 2611 436 2658 est
444 2608 534 2672 ⁸cleric
545 2613 570 2659 et
581 2609 758 2676 beneficentia:
776 2609 816 2659 ite
829 2610 867 2658 Fi.
881 2625 929 2675 pro
942 2609 998 2672 Ipsi
1009 2610 1044 2659 eit
1052 2608 1142 2673 ,cloria
1153 2613 1179 2659 et
1191 2608 1249 2661 lau

304 4856 401 4909 temp.
411 4869 486 4910 apocr.
496 4861 532 4901 ed.
542 4861 700 4915 Tischendcrf.
726 4863 766 4904 Ed.
776 4863 803 4904 ll.
