3458 5640
365 617 694 668 rsuuoomnr‘runul
714 616 958 668 avuncunlum.
989 616 1064 667 CAP.
1084 615 1203 667 XXXVI.
1223 616 1355 667 XXXVII.
1400 615 1463 678 105

263 773 324 833 aut
341 771 505 851 parentes
528 765 619 849 eius,
642 788 711 833 non
733 787 769 833 se
792 766 885 832 ultro
906 764 1069 831 leonibus
1090 764 1288 832 obtulisset.
1319 766 1460 832 Etcum

262 871 412 956 populus
433 869 518 935 haec
539 869 633 936 intra
653 891 689 937 se
709 869 880 956 cogitaret
900 876 936 936 et
956 869 1103 935 moerori
1126 869 1233 935 nimio
1251 868 1460 953 subiaceret,
1556 882 1559 888 “

263 995 343 1041 ecce
361 975 476 1041 subito
498 974 535 1039 in
553 981 742 1060 conspectu
758 974 880 1060 populi
902 974 1007 1040 exivit
1020 973 1122 1039 Iesus
1140 972 1182 1038 de
1200 979 1320 1058 crypta
1341 980 1376 1039 et
1390 974 1462 1040 leo-

263 1100 324 1145 nes
340 1077 599 1144 antecedebant
615 1099 703 1159 eum,
722 1085 757 1145 et
768 1077 876 1145 catuli
891 1077 1031 1143 leonum
1048 1083 1129 1142 ante
1145 1076 1254 1161 pedes
1272 1078 1347 1143 cius
1364 1077 1461 1142 lude-

261 1182 347 1247 bant
367 1184 461 1245 Inter
481 1200 527 1244 se.
573 1180 743 1245 Parentes
762 1201 842 1245 vero
864 1179 947 1245 Iesu
970 1179 1121 1245 demisso
1143 1179 1256 1262 capite
1280 1181 1421 1245 stabant
1441 1202 1462 1243 a

262 1285 364 1368 longe
382 1289 418 1348 ot
434 1282 679 1362 observabant3
695 1283 828 1365 pariter
844 1287 879 1346 et
894 1281 1044 1365 populus
1061 1287 1204 1365 propter
1220 1281 1340 1347 leones
1355 1282 1459 1365 longe

262 1387 390 1452 stabat:
409 1405 479 1450 non
497 1385 642 1449 enimse
661 1385 872 1468 coniungere
891 1384 941 1450 eis
959 1383 1120 1448 audebat.
1151 1383 1251 1449 Tunc
1266 1383 1368 1449 Iesus
1385 1403 1462 1449 coe·

261 1489 315 1572 pit
336 1488 452 1553 dicere
473 1486 517 1552 ad
538 1485 719 1570 populum:
762 1486 900 1570 Quanto
923 1486 1086 1552 meliores
1107 1492 1189 1552 sunt
1208 1487 1341 1553 bestiae
1362 1485 1460 1552 vobIs

263 1611 352 1675 quae
369 1611 469 1657 suum
486 1595 683 1674 agnoscunt
696 1589 872 1655 dominum
889 1595 925 1655 et
940 1589 1148 1674 glorificent,
1166 1595 1201 1655 et
1215 1610 1274 1655 vos
1291 1589 1459 1673 homines,

263 1694 323 1780 qui
349 1694 392 1760 ad
414 1694 600 1780 imaginem
627 1699 662 1759 et
682 1693 947 1760 similitudinem
969 1693 1025 1760 dei
1048 1693 1131 1760 facti
1154 1695 1253 1777 estis,
1279 1694 1460 1780 ignoratis.

262 1798 405 1865 Bestiae
423 1803 619 1883 agnoscunt
634 1818 687 1863 me
705 1802 741 1863 et
756 1804 1022 1876 mansuescunt;
1045 1797 1203 1889 homines
1219 1819 1272 1864 me
1289 1798 1409 1864 vident
1427 1804 1464 1863 et

263 1921 333 1967 non
351 1906 576 1985 cognoscunt.

701 2051 822 2119 Curua
844 2052 1024 2122 XXXVI.

349 2191 437 2257 Post
466 2190 552 2257 haec
575 2190 677 2258 Iesus
702 2191 865 2257 transivit
887 2190 1076 2257 Iordanem
1102 2190 1238 2256 cunctis
1262 2189 1464 2258 videntibus

266 2317 342 2361 cum
364 2293 540 2377 leonibus,
563 2300 598 2361 et
618 2317 710 2380 aqua
730 2295 893 2362 Iordanis
916 2294 1027 2361 divisa
1049 2300 1103 2361 est
1122 2295 1165 2360 ad
1187 2294 1342 2361 dextram
1364 2302 1399 2361 et
1418 2293 1461 2361 ad

267 2399 453 2466 sinistram.
484 2398 584 2464 Tunc
601 2399 689 2464 dixit
704 2398 877 2481 leonibus,
895 2398 944 2463 ita
961 2403 999 2463 ut
1016 2417 1134 2463 omnes
1151 2396 1328 2463 audirent:
1354 2397 1408 2463 Ite
1425 2398 1461 2462 in

264 2524 350 2587 pace
371 2508 406 2567 et
421 2502 593 2567 neminem
610 2503 775 2584 laedatis;
797 2501 858 2568 sed
876 2522 940 2567 nec
956 2501 1057 2568 homo
1074 2500 1172 2567 vobis
1188 2506 1328 2583 noceat,
1351 2499 1463 2567 donec

264 2605 483 2671 revertamini
507 2605 599 2670 unde
620 2605 751 2670 existis.
796 2602 848 2670 At
868 2604 920 2669 illi
943 2625 1012 2669 non
1033 2624 1114 2669 voce
1138 2602 1199 2669 sed
1222 2624 1366 2687 corpore
1386 2603 1462 2670 vale

265 2708 436 2772 facientes
461 2707 626 2772 abierunt
650 2707 693 2773 ad
718 2707 796 2772 loca
820 2728 892 2771 sua.
926 2705 1027 2772 Iesus
1052 2727 1131 2771 vero
1157 2726 1316 2772 reversus
1342 2712 1396 2771 est
1419 2704 1462 2771 ad

266 2817 410 2874 matrem
427 2830 534 2874 suam.

694 2962 815 3031 Oarur
836 2963 1034 3030 XXXVII.

319 3084 321 3096 ¹
355 3102 429 3166 ¹Et
452 3122 528 3166 cum
551 3107 645 3168 esset
664 3101 917 3187 Ioseph-faber
938 3101 1109 3187 lignarius
1132 3107 1167 3166 et
1188 3100 1276 3166 nihil
1302 3099 1398 3166 aliud
1424 3121 1465 3165 ex

268 3204 362 3288 ligno
387 3210 591 3287 operaretur
606 3204 673 3270 nisi
696 3205 778 3288 iuga
793 3204 921 3270 bobum
945 3210 980 3269 et
995 3208 1111 3269 aratra
1133 3210 1167 3268 et
1181 3209 1296 3268 terrae
1312 3204 1467 3269 versoria

231 3401 236 3412 ·
270 3306 471 3370 etculturae
489 3311 580 3388 apta,
597 3305 802 3389 ligneosque
820 3306 954 3371 faceret
969 3307 1090 3385 lectos,
1109 3305 1258 3388 contigit
1273 3311 1312 3369 ut
1324 3304 1464 3388 quidam

268 3479 379 3529 teoar'bar
398 3504 405 3514 -
423 3480 469 3527 too
486 3480 556 3527 intra
574 3495 600 3527 re
617 3504 625 3515 ·
643 3480 809 3528 observabant
817 3495 931 3543 pueram.
956 3480 994 3528 Et
1005 3480 1115 3543 popular
1133 3505 1142 3516 ·
1162 3480 1261 3543 loupiac
1272 3478 1365 3528 stabat.
1391 3480 1467 3527 Dixit

266 3580 326 3628 erpo
338 3565 375 3613 etc
384 3564 456 3612 Ieras
467 3587 476 3599 ·
488 3563 605 3612 meliores
617 3564 685 3612 rabie
696 3568 754 3613 caat
766 3564 869 3623 bestiae,
882 3564 943 3629 qaia
951 3581 1021 3614 ruam
1034 3589 1043 3601 ·
1056 3566 1090 3614 art
1103 3566 1236 3629 inopinem
1245 3565 1287 3615 dei
1298 3569 1324 3613 ct
1332 3563 1464 3613 similitad.

266 3651 320 3700 eiae
332 3675 339 3685 -
353 3649 478 3714 ipmratie
489 3665 550 3698 eam.
574 3650 680 3698 Bestiae
692 3650 790 3714 quidem
803 3655 949 3714 appareant.
975 3651 1088 3716 Reliqua
1101 3651 1208 3702 desunt.

335 3732 454 3783 XXXVI.
478 3735 528 3784 nst
546 3735 612 3785 haec
632 3735 760 3785 historiae
779 3735 811 3785 de
831 3741 926 3802 crypta
945 3738 1051 3787 leonum
1070 3738 1145 3802 quasi
1164 3738 1250 3788 altera
1270 3752 1339 3802 pare.
1372 3736 1465 3800 Neque

267 3823 332 3872 heac
344 3820 373 3871 in
386 3820 478 3873 codice
491 3835 507 3870 e
521 3823 628 3888 legitur,
642 3822 689 3872 scd
702 3823 802 3888 legitur
815 3823 843 3873 in
857 3823 950 3874 codice
963 3837 991 3882 n,
1005 3823 1033 3874 in
1048 3840 1100 3888 quo
1114 3830 1197 3888 caput
1209 3824 1301 3873 XLIV.
1316 3824 1386 3873 huno
1400 3823 1465 3873 titu-

266 3909 320 3958 lum
335 3907 430 3957 habet:
460 3907 586 3970 Quomodo
600 3907 735 3971 (Quaado)
749 3924 817 3972 aqua
830 3909 952 3958 Iordanis
963 3909 1047 3958 <tinisa
1064 3914 1101 3959 ert
1119 3914 1178 3958 ante
1195 3926 1244 3959 eor.
1265 3907 1269 3973 Ι
1288 3909 1333 3958 red
1345 3923 1467 3971 corpore.-

266 3994 306 4043 ira
319 4009 376 4042 cum
389 4006 408 4042 n
421 3994 590 4057 scripsinrns3
610 4006 626 4041 a
644 3995 688 4043 eat
700 3998 724 4043 et
738 4009 852 4054 corpore,
866 3994 937 4059 quod
950 3995 1071 4044 retinens
1090 3995 1118 4044 in
1138 3995 1179 4044 ed.
1193 3996 1243 4058 pri.
1257 4011 1305 4044 aaa
1318 4011 1375 4043 ooce
1387 3994 1466 4042 rotam

267 4076 484 4128 substituendum
497 4077 623 4127 indicari.
648 4080 684 4127 At
696 4079 833 4142 quaeritur
846 4095 879 4128 an
893 4079 921 4129 id
935 4095 966 4128 ex
979 4083 1069 4130 mento
1083 4079 1224 4143 scriptoris
1238 4080 1329 4128 suerit.

336 4163 425 4214 Habet
437 4167 525 4213 eutem
539 4177 557 4213 n
572 4168 658 4214 totum
670 4169 752 4229 caput
761 4165 813 4214 sio:
833 4165 897 4214 Part
908 4166 970 4213 taes
982 4170 1065 4215 artem
1077 4190 1086 4202 ·
1100 4166 1150 4215 dio.
1164 4170 1202 4215 ert
1214 4170 1272 4214 aate
1285 4182 1327 4215 ear
1339 4166 1373 4214 ad
1382 4166 1465 4215 dextr.

267 4256 292 4301 et
310 4251 343 4300 ad
361 4253 408 4301 sin.
432 4251 471 4299 Et
486 4251 553 4300 dira
567 4277 574 4287 -
587 4252 631 4300 red
647 4267 692 4301 nee
710 4251 778 4300 nobi-r
795 4252 905 4300 dominre
923 4256 1030 4301 noceant
1043 4277 1051 4288 ·
1065 4254 1102 4301 At
1120 4251 1163 4300 illi
1181 4252 1362 4317 valefacientes
1378 4253 1402 4302 ei
1417 4268 1468 4302 aaa

268 4354 325 4389 uoce
336 4337 380 4388 red
392 4353 499 4403 corpore
511 4337 627 4388 adierrmt
640 4365 648 4375 ·
662 4343 737 4388 matr.
751 4355 829 4388 saara.

336 4424 467 4483 XXXVII,
481 4427 504 4474 1.
524 4423 720 4476 conferendum
735 4432 777 4475 est
789 4441 847 4475 cum
863 4425 912 4475 hoc
923 4426 1013 4489 capite
1027 4427 1160 4491 erangolii
1174 4427 1260 4476 nostri
1271 4429 1363 4477 Thom.
1373 4426 1465 4476 Latini

270 4527 327 4576 cap.
345 4511 389 4561 XI.
423 4509 475 4560 Sed
494 4525 528 4569 n,
547 4511 575 4561 in
593 4527 645 4575 quo
664 4511 1071 4576 caputXXXV11.inscriptum
1090 4515 1146 4561 est:
1175 4512 1216 4561 De
1235 4512 1304 4576 lipao
1317 4528 1366 4576 per
1384 4513 1466 4561 leram

269 4598 385 4656 distento,
403 4596 487 4662 magis
501 4612 558 4647 cnm
573 4610 589 4645 a
604 4596 738 4646 convenit.
764 4596 807 4645 Ita
820 4597 915 4646 habet:
937 4597 1009 4646 Erat
1021 4601 1104 4646 actem
1118 4597 1169 4646 lor.
1184 4598 1339 4648 architector
1350 4603 1374 4648 et
1378 4598 1465 4663 sacie-

271 4686 314 4733 bat
326 4685 385 4748 iupa
397 4684 467 4732 boam
479 4686 504 4730 et
516 4686 610 4730 aratra
619 4682 733 4730 versoria
746 4682 780 4730 ad
794 4682 920 4731 culturam
932 4688 996 4744 apta
1008 4683 1152 4746 lipneoeqae
1164 4684 1287 4744 operabat
1299 4685 1384 4732 lector.
1404 4684 1465 4733 Corr-

271 4769 348 4833 tr'rrpit
367 4783 427 4831 erpo
448 4781 496 4815 aro
517 4766 558 4814 die
578 4766 727 4830 estquidam
748 4767 843 4814 iuuenis
864 4767 906 4815 illi
925 4768 1060 4831 probatura
1072 4767 1224 4830 sariendam
1241 4768 1406 4817 demandaret
1423 4784 1467 4817 rea
