3458 5640
262 1506 438 1581 INOIPIT
465 1504 730 1580 TRAOTATUS
752 1507 814 1580 Du
838 1506 1065 1580 PUERITIA
1085 1509 1192 1581 lusu
1210 1509 1458 1584 SECUNDUM

759 1625 961 1699 ΤΗΟΜΑΜ.

301 1882 395 1934 Oreus
413 1881 435 1933 1.
472 1881 646 1942 QUOMODO
664 1882 775 1934 ursle
793 1882 837 1932 ΕΤ
855 1881 984 1934 losum
1004 1884 1206 1935 restruitur
1225 1882 1297 1935 CUM
1317 1884 1362 1936 EO
1381 1885 1419 1936 lli

773 1968 948 2021 EOYPTUM.

349 2123 358 2154 ¹
379 2118 465 2188 Cum
481 2118 575 2186 iacto
590 2118 716 2185 luisset
731 2118 963 2202 conturbatio,
985 2122 1148 2204 quoniam
1165 2123 1350 2206 requisitio
1368 2121 1462 2188 foetu

263 2223 333 2291 fuit
347 2223 390 2290 ab
407 2223 550 2290 Herode
569 2223 610 2289 de
629 2224 767 2290 domino
784 2231 903 2291 nostro
920 2223 1002 2290 Iesu
1021 2222 1177 2306 Ohristo,
1199 2232 1239 2290 ut
1261 2246 1339 2290 eum
1356 2226 1462 2292 iuter-

263 2327 397 2410 ficeret,
421 2333 505 2393 tuno
529 2328 675 2412 augelus
693 2328 780 2394 dixit
800 2327 844 2395 od
860 2327 1005 2412 Ioseph:
1037 2326 1137 2394 Tolle
1154 2327 1303 2394 Marium
1326 2336 1362 2395 ot
1379 2351 1463 2413 pue·

262 2450 338 2494 rum
355 2430 442 2512 eius,
461 2436 495 2495 et
511 2430 593 2515 fuge
611 2434 646 2497 iu
657 2432 831 2517 Egyptum
848 2430 972 2497 esocis
990 2451 1109 2496 eorum
1121 2432 1180 2514 qui
1192 2437 1367 2514 quaerunt
1383 2453 1463 2498 eum

197 2616 200 2623 Ι
265 2533 474 2599 interficere.
508 2534 595 2599 Erat
611 2541 726 2600 eutem
742 2534 844 2601 Iesus
866 2531 1188 2600 annoruchum
1209 2533 1391 2618 ingressus
1409 2541 1464 2600 est

262 2637 500 2722 inEgyptum.

349 2742 360 2775 ¹
376 2741 424 2806 Et
440 2740 685 2808 deambulante
704 2762 745 2807 eo
761 2761 959 2826 peregrum
976 2741 1200 2821 seminatum,
1223 2740 1380 2824 porrexit
1393 2761 1463 2806 mo-

263 2865 345 2908 num
362 2849 397 2909 et
412 2843 496 2908 tulit
512 2843 554 2909 de
573 2845 678 2927 spicis
697 2853 732 2911 et
746 2845 866 2928 posuit
882 2865 940 2909 eos
958 2864 1063 2928 super
1084 2844 1200 2928 ignem
1222 2848 1257 2908 et
1272 2843 1459 2924 trituravit,

263 2950 299 3010 et
316 2947 431 3028 coepit
448 2947 639 3014 comedere.

349 3049 360 3083 ⁸
379 3046 466 3114 Oum
487 3057 604 3115 eutem
624 3051 660 3115 in
676 3051 851 3136 Egyptum
872 3051 1093 3134 introissent,
1116 3053 1329 3133 aeceperunt
1344 3047 1461 3132 hospi-

265 3152 353 3218 tium
377 3152 414 3216 iu
438 3152 538 3219 domo
565 3155 745 3220 cuiusdam
764 3154 905 3237 viduae,
932 3159 967 3218 et
992 3153 1153 3220 feceruut
1175 3153 1212 3217 in
1239 3152 1360 3218 eodem
1382 3151 1460 3217 loco

265 3277 393 3322 aurnum
410 3278 527 3322 unum.

350 3363 362 3395 ⁴
378 3360 427 3425 Et
446 3360 559 3427 faetus
582 3368 634 3427 est
649 3362 750 3428 Iesus
773 3364 855 3428 euni
876 3363 984 3428 tertii.
1016 3362 1064 3427 Et
1080 3382 1156 3427 oum
1172 3361 1318 3429 vidisset
1333 3381 1462 3446 pueros

265 3462 439 3546 ludentes,
467 3466 582 3549 coepit
606 3466 727 3532 ludere
757 3467 920 3533 cumeis.
965 3466 1014 3531 Et
1038 3467 1175 3550 accepit
1198 3466 1329 3549 piscem
1355 3487 1463 3531 uuum

265 3565 401 3631 aridum
419 3574 453 3632 et
469 3569 565 3633 misit
581 3589 660 3634 eum
682 3570 717 3633 in
734 3568 875 3652 pelvim,
901 3575 935 3635 et
950 3569 1133 3653 praecepit
1155 3569 1187 3633 ei
1207 3575 1247 3634 ut
1262 3569 1462 3653 palpitaret.

335 3776 357 3832 l,
377 3779 401 3825 1.
427 3774 462 3825 Cf
472 3776 506 3825 sd
519 3777 585 3828 hoec
598 3778 640 3828 Pe.
654 3779 752 3829 Mutth.
766 3779 807 3828 25.

334 3861 357 3911 2.
378 3861 510 3912 Similiter
522 3864 650 3928 seriptum
664 3871 706 3914 est
720 3867 747 3914 in
761 3866 853 3916 codiee
866 3879 883 3914 u
897 3864 938 3928 (cs
949 3865 982 3914 ed
995 3865 1038 3914 Pe.
1052 3865 1150 3915 Metth.
1164 3864 1243 3914 XXV.
1256 3864 1411 3927 adnotets)=
1430 3867 1463 3914 ln

264 3948 315 3998 ilia
327 3949 425 4013 quidem
437 3949 479 3998 die
496 3951 581 4000 exiens
593 3951 666 3999 lesus
682 3952 830 4001 decivitate
847 3951 897 4000 illa
911 3953 1029 4015 perrevii
1045 3952 1071 4000 in
1089 3967 1179 4015 aprum
1191 3947 1247 4014 [et]
1261 3951 1322 4000 tulit
1337 3951 1368 4001 do
1386 3951 1465 4014 spicis

257 4036 388 4100 frumeuti
399 4036 425 4084 in
437 4052 512 4086 manu
525 4054 579 4087 ειια.
598 4038 724 4087 Reverm
736 4039 769 4087 ad
780 4040 907 4087 civitatem
920 4038 993 4088 illam
1003 4039 1088 4100 posuit
1100 4053 1144 4087 eae
1156 4052 1232 4099 snper
1243 4037 1324 4100 iponem
1336 4036 1465 4086 triturans

264 4136 316 4178 eae,
329 4124 356 4169 et
366 4124 448 4183 coepit
459 4122 540 4171 edere.
564 4123 645 4172 Dedit
656 4128 739 4173 autem
752 4124 828 4174 talem
838 4125 952 4187 qratiam
963 4124 1007 4172 illi
1019 4140 1083 4187 apro
1095 4127 1123 4172 ul
1135 4122 1244 4186 eioyulis
1256 4123 1330 4170 annis
1343 4124 1463 4186 eumfac-

264 4206 302 4254 rit
319 4206 468 4263 seminatur,
485 4211 523 4256 toi
538 4209 635 4257 modios
649 4210 729 4272 praui
746 4210 845 4257 domino
862 4224 906 4257 suo
926 4209 1019 4257 reddat
1036 4212 1097 4272 quot
1112 4224 1198 4271 „erana
1216 4208 1247 4257 de
1264 4209 1318 4270 ipso
1331 4213 1463 4257 sumserat.

266 4291 421 4354 Ioniumque
433 4296 478 4341 eet.
504 4289 545 4343 cf.
558 4298 594 4343 et.
607 4294 678 4342 iufra
691 4309 748 4357 cup.
761 4293 791 4343 X.

334 4379 357 4425 3.
376 4377 475 4426 Eodem
494 4378 549 4427 iere
568 4378 649 4428 verbe
668 4380 696 4428 in
713 4393 731 4428 ι)
749 4379 933 4442 reperiuntur,
952 4394 1019 4442 quae
1038 4379 1089 4428 iem
1107 4377 1140 4426 ud
1154 4377 1196 4426 Po.
1209 4377 1307 4428 Muttit-
1322 4377 1401 4429 XXV.
1419 4378 1464 4426 ud·

264 4461 427 4525 scripsimus.
459 4463 571 4529 Legitur
588 4465 659 4514 enim
677 4466 729 4514 ibi:
752 4465 844 4527 Ioseph
861 4470 943 4513 autem
966 4470 990 4513 et
1009 4465 1099 4514 Maria
1116 4465 1251 4527 hospitium
1268 4468 1419 4526 aeceperunt
1439 4466 1465 4512 io

263 4547 336 4596 domo
349 4550 478 4599 cuiusdam
490 4552 589 4609 uiduae,
600 4552 771 4614 feceruntque
782 4567 874 4598 annum
886 4552 913 4598 in
925 4551 1009 4600 eodem
1025 4551 1087 4601 loco.
1383 4597 1387 4605 ,

332 4637 357 4681 4.
377 4634 450 4684 Haec
463 4636 502 4686 ite
515 4650 548 4685 D:
567 4637 606 4686 Et
614 4639 709 4702 jactor
719 4642 757 4687 est
768 4639 840 4687 Iesus
852 4654 974 4688 annorum
988 4640 1071 4687 trium.
1097 4638 1135 4687 Et
1147 4653 1201 4687 eum
1212 4638 1317 4687 uidisset
1329 4636 1466 4702 ludificare

259 4734 369 4781 pueros,
388 4722 471 4783 eoepit
486 4723 540 4785 ipse
552 4722 640 4773 ludere
652 4739 706 4772 oum
718 4725 761 4773 eir.
788 4724 894 4788 Cumque
912 4725 1050 4786 accepisset
1057 4724 1153 4786 picem
1165 4708 1266 4773 aiidum
1279 4723 1322 4788 qui
1340 4726 1398 4771 erat
1410 4721 1466 4772 tole

264 4802 335 4866 (eod.
348 4805 408 4868 soli)
422 4808 545 4867 iactatos,
561 4809 632 4859 misit
643 4826 696 4860 eum
708 4811 734 4858 in
742 4809 837 4872 pelvim
850 4826 904 4860 oum
916 4826 984 4874 aqua
997 4815 1022 4860 et
1029 4811 1165 4874 praecepit
1176 4810 1200 4859 ei
1211 4813 1240 4859 ut
1249 4809 1403 4873 palpitaret.
1429 4808 1467 4857 Et
