3458 5640
499 547 700 599 DESCENSUS
720 546 862 599 CHRISTI
880 547 926 598 An
946 547 1107 598 lunarios,
1126 547 1159 596 V.
1179 546 1225 596 VI.
1395 542 1456 607 427

666 826 784 892 Oneur
807 825 867 893 VI.
905 825 1052 911 (XXII.)

348 994 363 1033 ¹·
375 990 506 1058 Deinde
537 991 621 1057 alius
652 991 699 1057 ibi
731 990 865 1058 adstans
887 992 982 1077 quasi
1006 991 1147 1077 quodam
1177 992 1388 1076 imperatoris
1417 991 1459 1058 si-

261 1098 400 1182 gnaculo
432 1097 678 1182 praeeminens,
711 1095 820 1163 David
851 1097 1001 1180 nomine,
1034 1098 1082 1163 ite
1112 1097 1320 1181 proclamans
1351 1098 1461 1165 aiebat

260 1204 333 1286 Ego
366 1202 400 1266 in
433 1202 531 1267 terris
563 1224 637 1267 cum
669 1222 787 1282 essem,
819 1201 859 1267 de
887 1201 938 1267 dei
968 1202 1198 1268 misericordia
1224 1208 1258 1267 et
1285 1203 1355 1267 eius
1383 1202 1460 1268 visi·

261 1307 387 1371 tatione
413 1305 536 1390 populo
566 1305 767 1386 revelabam,
796 1306 1030 1390 prophetizans
1052 1307 1166 1372 futma
1187 1307 1319 1392 gaudia,
1347 1307 1460 1373 dicens

261 1434 319 1495 per
343 1409 456 1476 omnia
478 1411 605 1476 secula:
635 1410 863 1478 Confiteantur
886 1410 1020 1476 domino
1044 1411 1291 1478 misericordiae
1315 1412 1399 1496 eius,
1428 1416 1461 1478 et

261 1510 427 1578 mirabilia
454 1512 525 1577 eius
552 1512 629 1578 filiis
656 1512 841 1595 hominnm,
868 1512 948 1596 quia
974 1513 1131 1579 contrivit
1156 1518 1270 1597 portas
1293 1535 1405 1580 aereas
1428 1519 1462 1580 et

261 1622 370 1682 vectes
392 1614 519 1681 ferreos
542 1614 716 1700 confregit.
752 1613 847 1681 Tunc
870 1616 975 1680 sancti
999 1616 1205 1700 patriarchae
1229 1621 1263 1682 et
1279 1616 1461 1701 prophetae

262 1724 443 1806 coeperunt
470 1720 557 1786 inter
583 1742 618 1786 ee
642 1720 781 1785 invicem
804 1741 1043 1803 recognoscere
1066 1725 1100 1785 et
1124 1720 1163 1786 de
1186 1721 1370 1804 prophetiis
1393 1720 1462 1785 suis

263 1824 383 1909 singuli
407 1824 537 1909 singula
559 1823 677 1890 dicere.
721 1822 816 1889 Tunc
839 1829 972 1888 sanctus
987 1823 1148 1890 Ieremias
1172 1847 1248 1889 suae
1270 1824 1463 1908 prophetias

264 1929 454 1995 examinans
476 1929 593 1994 laicbat
620 1927 818 2011 pratriarchis
846 1933 880 1992 ot
907 1928 1080 2009 prophetis
1103 1929 1182 2011 quia
1204 1950 1277 1993 cum
1301 1950 1406 1994 oseem
1428 1929 1463 1993 in

263 2031 361 2097 terris
385 2028 580 2114 prophetavi
603 2029 642 2095 do
666 2028 718 2094 dei
741 2027 825 2111 filio,
855 2029 945 2112 quod
968 2028 1002 2093 in
1026 2029 1124 2094 terris
1148 2029 1236 2096 visus
1260 2035 1311 2096 est
1333 2035 1366 2096 ot
1389 2053 1462 2096 cum

262 2134 452 2203 hominibus
477 2139 690 2201 conversatus
713 2139 772 2199 est.

351 2252 472 2320 ²[lunc
504 2274 617 2320 omnes
649 2251 755 2319 sancti
787 2252 972 2319 exultantes
999 2252 1035 2318 in
1063 2252 1187 2321 lumine
1214 2253 1341 2321 domini
1369 2259 1403 2320 el
1429 2255 1464 2320 in

263 2367 399 2447 aspectu
421 2359 526 2444 patris
548 2359 644 2425 Adae
672 2364 706 2425 et
732 2359 767 2424 in
789 2359 1007 2442 responsione
1031 2359 1177 2426 omnium
1200 2360 1464 2445 patriarcharum

263 2473 296 2534 et
318 2465 552 2551 prophetarum
576 2464 864 2549 proclamaverunt
886 2464 1047 2531 dicentes:
1081 2464 1242 2549 Alleluia,
1270 2465 1464 2532 benedictus

263 2572 319 2657 qui
351 2571 441 2636 venit
471 2571 506 2636 in
534 2569 669 2636 nomine
691 2570 835 2636 domini:
867 2570 915 2636 ita
943 2574 980 2635 ut
1007 2570 1246 2638 exclamatione
1274 2594 1388 2638 eorum
1412 2594 1465 2638 ex·

263 2677 453 2760 pavesceret
484 2673 625 2740 Satanas
663 2677 697 2739 et
732 2678 908 2758 quaereret
944 2672 1070 2739 aditum
1106 2673 1261 2759 fugiendi.
1314 2675 1361 2740 Et
1397 2696 1463 2741 non

260 2784 407 2866 poterat,
436 2777 515 2865 quia
543 2778 693 2845 infernus
722 2783 756 2845 et
783 2777 943 2846 satellites
975 2778 1046 2846 eius
1078 2780 1236 2848 tenebant
1263 2802 1337 2847 eum
1360 2780 1394 2846 in
1416 2781 1465 2847 in-

262 2886 390 2953 sernum
424 2883 639 2950 constrictum
672 2888 706 2950 ot
735 2883 899 2950 munitum
931 2906 991 2970 per
1018 2884 1143 2969 omnia;
1175 2884 1395 2971 dicebantque
1422 2884 1464 2952 ad

263 3014 354 3058 eum:
388 2989 477 3076 Quid
510 2989 679 3074 trepidas?
724 2987 798 3056 Nos
829 2989 1017 3056 nullatenus
1046 2994 1078 3056 te
1105 2990 1184 3057 hinc
1212 2990 1301 3057 exire
1329 2989 1463 3075 permit·

265 3097 374 3162 timus.
424 3095 489 3162 Sed
518 3096 583 3162 ista
611 3095 756 3180 suscipe,
788 3095 875 3162 sicut
899 3095 1018 3180 dignus
1046 3119 1095 3179 es,
1126 3097 1167 3164 ab
1196 3096 1254 3163 illo
1284 3119 1380 3182 quem
1409 3120 1463 3164 ex·

352 3361 398 3417 Vl,
418 3363 442 3409 1.
480 3359 521 3410 Cf.
539 3361 560 3409 ll
580 3360 612 3419 V,
627 3359 653 3410 2.
684 3359 785 3410 Deinde
803 3375 859 3409 cum
879 3373 896 3412 11
917 3393 945 3408 ·.
965 3373 999 3412 Ac
1017 3359 1339 3424 Deniquelnprocedrar
1357 3362 1464 3424 torpere·

268 3445 334 3492 toris
351 3444 482 3507 sigmate
498 3447 502 3503 Ι
517 3446 549 3493 de
566 3444 608 3493 dei
625 3444 680 3493 mie.
695 3449 720 3493 et
737 3445 791 3494 ειίω
808 3445 854 3493 oie.
874 3444 902 3506 (u
921 3461 963 3494 om
981 3448 1007 3493 et
1024 3445 1126 3507 αἰνῶ.)
1143 3444 1239 3510 popolo
1259 3479 1287 3493 ..
1307 3458 1322 3494 c
1341 3444 1406 3494 haec
1422 3462 1463 3497 om

267 3527 271 3594 Ι
292 3545 307 3580 c
323 3531 482 3592 prophetare
505 3531 509 3589 Ι
534 3543 610 3580 nom
626 3532 726 3595 saturo
740 3532 854 3595 paedia,
878 3532 942 3580 item
963 3546 1012 3594 per
1030 3532 1115 3581 omnio
1132 3549 1180 3581 see.
1205 3533 1210 3587 Ι
1234 3531 1374 3595 eoasrepitr
1392 3534 1465 3582 solus

267 3612 353 3666 codd
378 3617 557 3677 Interrogatus
579 3617 663 3663 aetem
681 3631 698 3663 o
720 3616 817 3664 coactis
837 3615 956 3678 petrides
974 3617 1029 3680 quie
1051 3620 1129 3674 erret,
1153 3616 1285 3678 respoudit
1302 3617 1390 3666 David
1411 3634 1465 3666 sam

267 3702 373 3752 romine.
396 3703 401 3760 Ι
423 3706 556 3765 coeperitne
574 3728 584 3738 -
602 3702 633 3751 de
653 3703 797 3766 prophetiis
813 3704 867 3751 seir
890 3702 918 3765 (n
939 3704 987 3754 -iio
1004 3703 1062 3766 suo)
1086 3705 1150 3768 einp.
1170 3704 1273 3767 stapulo
1296 3702 1324 3765 (Λ
1343 3703 1396 3766 om)
1414 3706 1464 3754 ilie.

269 3788 337 3838 Terre
359 3805 398 3838 uo.
419 3792 471 3837 ler.
496 3804 554 3837 eum
578 3801 614 3841 AB
638 3825 645 3839 .
665 3824 672 3838 .
697 3803 828 3854 ceeeper.
850 3790 921 3839 intro
942 3807 969 3839 se
991 3791 1023 3839 cie
1046 3791 1192 3854 propietate
1213 3791 1266 3839 soie
1287 3792 1384 3855 strepeti
1406 3808 1465 3855 per·

267 3891 426 3940 ropromere,
451 3877 519 3925 inter
537 3893 598 3940 pace
616 3877 670 3927 Ier.
691 3873 697 3942 Ι
715 3878 863 3928 examinare
882 3882 925 3928 etc
943 3894 1001 3928 cum
1021 3891 1055 3930 uc
1075 3913 1104 3928 .·
1124 3890 1141 3929 o
1159 3878 1287 3944 referebat
1302 3879 1424 3942 patritus
1440 3883 1466 3929 et

263 3962 396 4025 prophetis
412 3962 499 4010 dicere
516 3962 574 4025 Epo

352 4066 377 4112 2.
413 4062 456 4112 Cf.
476 4065 496 4112 Δ
516 4063 576 4112 Vll.
606 4063 698 4113 termine
718 4101 725 4113 .
744 4100 750 4114 .
772 4064 905 4115 neemiae
920 4066 924 4123 Ι
940 4079 956 4116 c
974 4071 1114 4128 conspeetu,
1134 4065 1198 4114 ilem
1216 4066 1344 4128 responsis
1360 4062 1405 4129 lio
1422 4082 1465 4115 ae·

268 4148 331 4196 raiae
348 4147 444 4196 demini
464 4154 523 4196 cum
542 4160 576 4199 ΑΒ
597 4183 626 4197 ..
647 4162 662 4199 c
680 4148 733 4197 add
755 4149 817 4199 deut
834 4150 949 4198 dominor
971 4153 996 4198 et
1019 4149 1108 4199 illuxit
1129 4149 1215 4199 robis:
1239 4149 1357 4198 Alleluia
1378 4150 1407 4197 ia
1428 4166 1465 4198 re·

267 4233 326 4283 cult
348 4231 442 4281 recoli:
467 4232 525 4282 leue
542 4235 621 4282 team
639 4237 664 4282 et
679 4233 780 4297 pierio,
805 4235 848 4300 poi
866 4235 993 4283 odeeaieti
1010 4251 1041 4283 ee
1059 4234 1113 4284 olto
1131 4250 1176 4284 nos
1193 4236 1310 4283 visitans.
1348 4233 1467 4284 Alleluia

267 4322 399 4370 eoaloolee
421 4335 472 4383 per
493 4319 578 4368 omnio
602 4317 606 4383 Ι
630 4311 813 4370 ixelomotiore
836 4357 843 4370 .
865 4357 871 4369 .
896 4333 912 4372 c
934 4337 965 4369 ee
983 4320 1092 4370 effloruere
1117 4322 1121 4379 Ι
1146 4321 1183 4369 El
1201 4336 1249 4370 aori
1271 4322 1297 4382 (c
1317 4319 1466 4384 1111).ιή-

259 4410 355 4474 serrae
372 4405 400 4470 (Α
418 4405 497 4471 seror)
516 4434 526 4444 -
543 4408 571 4456 ia
589 4407 638 4474 iup'.
656 4411 818 4459 corretriaetom
837 4408 866 4470 (Δ
884 4407 938 4472 οιη)
957 4412 981 4458 el
999 4410 1119 4458 inreritum
1138 4408 1165 4473 (c
1183 4406 1312 4471 iniectum)
1333 4409 1394 4458 aad
1411 4426 1467 4459 eom

268 4513 327 4547 rium
345 4511 379 4549 Ac
399 4531 405 4544 ·
426 4509 470 4548 ·}3
493 4496 547 4546 Neo
565 4529 574 4538 -
593 4496 710 4547 tenebant
732 4513 794 4547 mira.
836 4499 957 4563 infernus
984 4498 1152 4547 contristo-tue
1177 4497 1334 4562 rapiaturque
1358 4495 1394 4564 [l]
1418 4515 1467 4562 per

268 4587 352 4635 manat
368 4585 469 4636 dicebat
486 4586 511 4635 ei
533 4592 538 4649 Ι
563 4599 577 4637 c
599 4570 667 4648 Quid
679 4587 828 4650 formidas,
854 4586 951 4644 Solea,
974 4590 999 4635 et
1018 4586 1148 4651 trepidari
1171 4585 1176 4649 Ι
1201 4586 1252 4635 Sed
1270 4589 1321 4634 ieta
1340 4590 1382 4635 etc
1407 4602 1465 4636 cum

268 4687 286 4724 a
369 4686 403 4726 nc
431 4677 570 4738 corrupt03
602 4687 617 4726 c
640 4671 691 4723 oie:
723 4674 780 4724 Isto
806 4672 916 4739 serape,
944 4673 968 4722 ri
989 4690 1068 4723 orem
1093 4691 1131 4732 es,
1161 4673 1221 4738 poio
1244 4673 1368 4738 tricasque
1390 4689 1465 4738 eope·
