3458 5640
263 599 342 646 m
629 570 632 585 ’
723 581 995 635 reonnoouuul.

350 733 429 801 (lod.
449 733 555 799 Paris.
571 735 642 799 897.
665 753 749 799 saec.
764 733 851 801 XII.
893 730 969 797 Τοῦ
993 735 1030 818 ἐρ
1054 732 1166 818 bylone
1188 732 1328 818 ωατρὸσ
1352 735 1462 822 dumo,

264 845 476 934 ωατριᾶρχου
492 843 751 932 Ἰεροσολὺμοορ,
766 845 929 912 “Ιακο68ου
951 843 1014 910 τοῦ
1038 843 1251 932 ἁδελῴοθέου
1268 846 1385 934 noyon
1408 852 1461 915 εῑσ

265 961 307 1026 τὸ
328 963 486 1048 γερέσιορ
510 956 577 1025 ufic
598 959 797 1047 ῡωεραγίασ
819 959 990 1025 θεοτόκου.
1029 958 1084 1041 (In
1101 960 1216 1026 eodem
1232 960 1342 1028 codice
1359 969 1462 1048 caput

176 1072 179 1083 ’
268 1079 450 1141 extremum
471 1073 616 1140 breviter
639 1076 686 1140 sic
709 1072 823 1139 habet:
847 1072 955 1159 Ἐγὼ
986 1075 1023 1137 δὲ
1043 1073 1208 1138 Ἰάκοουοσ
1231 1081 1375 1161 ἔγραψα
1397 1076 1462 1162 urio

265 1189 413 1272 ἷστορῐαμ
430 1185 556 1271 radron
574 1184 854 1271 ἑρἸερουσαλήμ·
879 1184 928 1250 ὅτι
944 1184 997 1269 τῷ
1012 1181 1153 1270 Χριστῷ
1167 1189 1298 1270 ωρέωει
1314 1186 1393 1270 iden
1409 1190 1466 1252 εἰσ

266 1297 353 1362 τοὺσ
367 1303 500 1384 aldione
515 1304 588 1384 τῶρ
605 1296 752 1381 αῑοῦμοορ,
770 1294 880 1381 durio.)
904 1297 990 1365 Vide
1000 1296 1296 1379 ThilOodApocr.
1307 1295 1467 1380 p.LVeq.,

253 1407 344 1478 ,Ood
360 1408 467 1473 Paris.
486 1409 576 1472 1173.
597 1407 718 1471 saeculi
734 1406 820 1471 XII.
856 1403 931 1469 Τοῦ
948 1410 1103 1490 μακαρίου
1113 1405 1274 1469 ⁴looeo'ossou
1288 1402 1351 1469 τοῦ
1367 1405 1462 1471 duro·

268 1516 396 1583 στόλου
418 1522 468 1581 καὶ
492 1515 644 1600 ἀδελφοῦ
666 1513 728 1580 τοῦ
749 1519 855 1600 κυρίου
876 1520 956 1600 ωερῐ
972 1514 1039 1579 τΐσ
1053 1516 1259 1601 γεμρύσεοοσ
1274 1510 1340 1583 reio
1356 1515 1462 1600 ἇγῐασ

269 1629 439 1693 θεοτόκου.
478 1626 527 1693 Of.
551 1627 636 1693 Thil.
655 1627 676 1692 l.
696 1627 715 1692 l.
737 1626 816 1694 (lod.
835 1626 934 1694 Vind.
956 1626 1091 1693 Caesar.
1113 1631 1141 1693 6.
1165 1627 1257 1707 (olim
1280 1628 1363 1709 150.)
1408 1617 1463 1689 Τὸ

268 1741 447 1827 γερέθλιορ
462 1736 529 1802 ulo
544 1738 741 1826 ῡωεραγίασ
756 1741 947 1824 δεσωοῐρυσ
963 1737 1067 1825 cludro.
1099 1739 1213 1824 λόγου
1224 1738 1385 1805 Ἰακώυου
1400 1736 1462 1802 roi

270 1850 494 1935 ἆδελῲοθέου.
538 1850 624 1920 Vide
646 1850 799 1917 Lambee.
823 1872 936 1916 comm.
957 1849 1013 1915 lib.
1029 1850 1129 1919 VIII.
1152 1872 1182 1934 p.
1201 1854 1270 1916 110.

356 1962 513 2031 Ceterum
535 1962 577 2028 ob
599 1963 671 2046 ipso
694 1968 830 2030 auctore
853 1961 963 2027 nullus
985 1961 1061 2027 libri
1078 1962 1194 2028 titulus
1209 1962 1378 2046 profectus
1393 1982 1468 2026 esse

270 2074 417 2140 ridetur:
448 2074 525 2138 hinc
552 2079 649 2139 tanta
670 2074 844 2139 titulorum
865 2074 900 2138 in
923 2072 1090 2138 codicibus
1113 2075 1265 2139 varietus.
1308 2073 1345 2137 Is
1368 2093 1465 2156 quem

270 2206 331 2251 nos
363 2186 562 2269 recepimus,
592 2185 704 2251 nescio
733 2207 775 2250 ou
804 2206 824 2251 a
852 2183 1064 2250 similitudine
1091 2184 1180 2249 tituli
1208 2184 1284 2250 libri
1312 2183 1466 2253 Gnostici

271 2299 300 2363 Γ
302 2299 383 2383 έρρα
406 2298 545 2381 Μαρῐασ
568 2295 820 2362 commendetur.

415 2616 465 2684 11.
509 2614 976 2684 esnone-murreum
1002 2597 1324 2686 uvuusunruu

840 2746 902 2786 snm

333 2845 439 2896 muna
457 2845 503 2896 llll
522 2843 614 2894 OR'l'U
632 2843 766 2893 BEA'I'AI}
784 2843 917 2893 uiuus
935 2843 978 2893 au
997 2841 1164 2893 lunarium
1184 2840 1410 2892 SALVATORIS.

338 3037 409 3105 III.
453 3035 775 3108 EVANGELIUM
796 3036 862 3102 Du
884 3035 1182 3105 NATIVITATE
1204 3034 1405 3102 MARIAn.

361 3201 512 3269 Fabulae
539 3200 681 3267 traditae
709 3200 881 3286 evangelio
903 3199 1033 3285 Iacobi,
1061 3200 1234 3284 quodiam
1259 3201 1346 3266 circa
1374 3201 1474 3266 initio.

278 3315 402 3382 saeculi
439 3314 530 3380 tertii
567 3333 720 3396 graecam
757 3313 930 3378 ecclesiam
960 3318 1173 3396 pervagatum
1205 3333 1276 3376 esse
1308 3310 1471 3396 Origenes

277 3431 431 3504 testatur,
454 3423 588 3488 dubium
610 3443 675 3487 nou
698 3429 750 3488 est
768 3424 847 3505 quin
870 3443 945 3487 mox
967 3420 1011 3486 ad
1031 3421 1171 3486 Latinos
1194 3423 1294 3485 etiam
1316 3444 1472 3504 pervene-

278 3536 354 3599 rint.
404 3532 507 3600 Cuius
537 3535 586 3598 rei
617 3533 768 3615 inprimis
800 3538 902 3597 testes
932 3531 1091 3596 habemus
1121 3529 1406 3613 Hieronymum
1438 3539 1474 3596 et

278 3643 563 3709 Innocentium
590 3640 618 3707 Ι.
661 3643 725 3708 Ille
754 3643 839 3708 enim
868 3642 1013 3707 scribens
1037 3641 1076 3706 de
1098 3647 1259 3724 perpetua
1280 3642 1474 3724 virginitate

279 3755 398 3822 beatae
423 3755 551 3821 Mariae
580 3760 696 3821 contra
718 3753 909 3832 Heluidium
938 3774 1008 3836 cap.
1030 3751 1112 3822 VII.
1140 3753 1180 3819 ad
1209 3753 1472 3838 apocryphorum

280 3868 498 3936 deliramento
523 3867 645 3935 diserto
672 3866 776 3936 refert
804 3888 889 3953 quae
917 3867 1020 3934 invito
1048 3866 1143 3934 Luco
1171 3866 1210 3934 do
1241 3867 1475 3955 ‚,obstot1·ice“,

281 3982 321 4068 de
352 3981 640 4068 „muliercularum
671 3982 872 4049 sedulitate“
908 3965 947 4046 in
974 3987 1072 4064 partu
1102 3980 1231 4047 Mariae
1266 3981 1474 4048 circumfere-

280 4092 411 4178 bantur,
434 4083 539 4177 eaque
561 4095 596 4159 iu
618 4091 864 4178 proterangelio
885 4113 1007 4176 magno
1032 4114 1104 4157 cum
1128 4092 1236 4157 studio
1260 4094 1379 4175 exponi
1399 4115 1475 4159 oon·

281 4210 365 4270 stat:
397 4205 490 4269 ouius
521 4205 651 4286 generis
682 4210 734 4270 est
764 4204 864 4269 etiam
893 4202 980 4285 quod
1009 4201 1204 4267 traditiones
1232 4202 1271 4266 dc
1299 4202 1474 4267 sterilitato

282 4313 425 4396 coniugii
449 4319 625 4395 parentum
646 4311 777 4378 Mariae
801 4312 957 4376 divinitus
981 4310 1125 4390 sublata,
1148 4309 1188 4375 de
1209 4313 1318 4392 priore
1340 4311 1476 4395 Iosephi

282 4425 435 4508 coniugio
468 4423 573 4508 deque
604 4422 765 4489 fratribus
791 4422 884 4506 Iesu,
916 4444 998 4506 quos
1026 4420 1200 4487 Helvidius
1232 4419 1374 4505 quatuor
1392 4443 1477 4489 >esse

282 4533 413 4601 dixerat
429 4534 484 4616 (cs.
498 4541 602 4614 contr.
618 4533 750 4602 Helvid.
765 4555 835 4620 cap.
845 4532 955 4618 XII),
973 4533 1016 4599 ad
1030 4532 1151 4599 Matth.
1170 4536 1218 4616 12,
1233 4534 1273 4600 49
1290 4555 1338 4619 sq.
1353 4535 1479 4618 reiicit;

175 4694 177 4700 .
281 4648 361 4713 item
385 4647 472 4732 quod
495 4647 536 4716 ad
558 4648 679 4716 Matth.
699 4650 750 4732 23,
773 4651 814 4715 35
838 4668 886 4733 sq.
909 4647 1067 4733 reprobat
1090 4636 1173 4730 quae
1195 4667 1254 4732 „ex
1277 4647 1477 4732 quibusdam
