3458 5640
264 581 305 644 ’14
471 582 806 636 Padano-uetulum
823 583 1065 638 EVANGELIUM.
1093 584 1170 636 CAP.
1189 584 1251 636 ΧΠ.

265 751 369 794 manu
390 731 516 813 augeli.
547 731 702 799 Vocatus
725 738 910 799 astantem
927 731 1106 814 etIoseph
1127 731 1170 797 ad
1187 731 1308 814 altare,
1330 736 1366 797 et
1381 731 1466 799 data

266 838 319 899 est
340 832 372 897 ei
394 854 485 916 aqua
500 834 691 916 potationis
708 834 855 900 domini:
878 856 980 919 quarn
1003 835 1032 898 si
1049 839 1226 917 gustasset
1246 833 1347 899 homo
1370 855 1465 901 meu·

265 935 357 1001 tiens
379 941 414 1001 et
433 936 564 1020 septies
581 936 766 1002 circuisset
787 935 908 1019 altare,
931 935 1036 1001 dabat
1052 934 1138 1001 deus
1160 937 1297 1020 signum
1319 937 1465 1022 aliquod

266 1039 302 1104 in
323 1039 412 1105 tocie
435 1040 521 1105 eius.
559 1035 645 1105 (ium
669 1059 750 1124 ergo
771 1039 921 1105 bibisset
941 1060 1085 1106 securus
1106 1038 1236 1124 Ioseph
1257 1046 1292 1105 et
1313 1041 1466 1125 girasset

265 1143 387 1225 altare,
408 1143 542 1209 nullum
560 1145 697 1227 signum
715 1143 851 1227 peceati
873 1143 1036 1227 apparuit
1056 1144 1091 1207 in
1114 1163 1166 1209 eo.
1196 1142 1296 1209 Tunc
1312 1144 1465 1209 sanctiti-

266 1253 432 1313 caverunt
448 1245 737 1313 cumsacerdotes
754 1266 873 1312 omnes
891 1247 1087 1312 etmiuistri
1104 1252 1139 1311 et
1154 1247 1276 1330 populi
1288 1246 1463 1314 dieentes:

264 1350 398 1416 Beatus
417 1371 453 1415 es
470 1356 518 1431 tu,
537 1349 702 1432 quoniam
717 1367 788 1413 non
805 1355 860 1413 est
873 1349 1036 1414 inventus
1055 1354 1172 1414 reatus
1190 1351 1225 1413 in
1241 1356 1287 1414 te.
1319 1351 1330 1384 ⁸
1347 1348 1395 1414 Et
1409 1370 1466 1414 vo·

267 1458 387 1516 cantes
408 1451 556 1528 Mariam
583 1449 746 1514 dixerunt
767 1451 813 1514 ei:
850 1449 904 1514 Tu
928 1472 1030 1534 quarn
1052 1452 1310 1516 excusationem
1331 1452 1465 1531 poteris

264 1550 417 1619 habere?
442 1559 503 1617 aut
529 1550 622 1635 quod
648 1551 784 1635 signum
810 1552 921 1617 maius
947 1552 1133 1636 apparebit
1156 1552 1192 1617 in
1218 1557 1375 1636 tequam
1397 1551 1465 1617 hoc

266 1655 360 1739 quod
380 1653 499 1739 prodit
519 1659 553 1719 te
576 1657 765 1736 conceptus
787 1654 918 1719 ventris
939 1651 1013 1720 tui?
1045 1653 1126 1720 Hoc
1150 1653 1365 1721 solummodo
1387 1674 1408 1720 a
1427 1659 1463 1719 te

265 1760 487 1843 requirimus,
509 1763 557 1838 ut,
579 1754 662 1841 quia
677 1755 807 1841 Ioseph
822 1757 973 1825 mundus
990 1764 1045 1824 est
1064 1763 1145 1840 ate,
1168 1755 1366 1823 confitearis
1383 1757 1463 1841 quis

266 1869 320 1929 ost
336 1863 397 1946 qui
413 1868 448 1928 te
465 1861 613 1945 decepit.
636 1859 767 1928 Melius
788 1868 841 1928 est
856 1862 948 1929 enim
965 1869 1004 1929 ut
1018 1868 1054 1928 te
1070 1861 1316 1928 tuaconfessio
1327 1860 1464 1947 prodat,

266 1987 369 2050 quarn
385 1966 438 2032 ira
448 1965 505 2031 dei
516 1964 602 2032 dans
620 1965 756 2049 signum
773 1966 810 2031 in
826 1965 915 2033 facie
927 1973 989 2032 tua
1004 1967 1041 2033 in
1051 1966 1166 2034 medio
1179 1966 1302 2052 populi
1312 1972 1346 2031 te
1357 1967 1466 2032 mani·

266 2069 382 2135 festet.
422 2068 522 2134 Tunc
541 2068 656 2133 Maria
676 2075 878 2135 constanter
899 2076 934 2136 et
953 2070 1131 2154 intrepida
1152 2070 1255 2135 dixit:
1292 2067 1331 2135 Si
1352 2076 1407 2135 est
1426 2070 1463 2134 in

265 2193 318 2237 me
335 2171 612 2256 aliquapollutio
629 2176 690 2236 aut
705 2169 1050 2255 aliquodpeooatum,
1068 2171 1208 2237 autfuit
1223 2173 1259 2237 in
1275 2192 1328 2238 me
1346 2172 1466 2257 aliqua

267 2274 554 2358 concupiscentia
573 2273 627 2339 vel
649 2274 883 2357 impudicitia,
909 2274 1050 2359 detegat
1070 2296 1124 2340 me
1147 2274 1309 2341 dominus
1331 2277 1368 2339 in
1386 2297 1466 2342 con-

267 2383 388 2461 spectu
406 2377 558 2443 omniurn
574 2374 798 2460 populorum,
820 2383 859 2443 ut
874 2377 939 2443 sim
956 2377 1116 2445 omnibus
1133 2376 1388 2445 emendationis
1410 2398 1466 2444 ex-

266 2479 426 2564 emplum.
461 2479 510 2544 Et
534 2479 684 2545 accessit
708 2478 751 2545 ad
776 2479 886 2546 altare
913 2480 1044 2547 domini
1070 2480 1287 2547 confidenter
1312 2490 1347 2548 et
1373 2481 1466 2548 bibit

265 2605 390 2669 aquarn
405 2583 597 2667 potationis
615 2589 650 2649 et
666 2583 796 2668 septies
808 2584 967 2650 circuivit
982 2584 1103 2668 altare,
1121 2591 1157 2651 et
1166 2604 1237 2650 non
1254 2591 1308 2652 est
1323 2587 1466 2653 inventa

265 2689 301 2753 in
319 2708 360 2754 ea
376 2686 449 2752 ulla
466 2686 612 2752 macula.

257 2848 353 2912 flentee
369 2863 422 2895 eac.
440 2851 466 2894 et
477 2861 539 2910 par.
558 2850 584 2894 et
601 2847 654 2911 affl·
667 2846 721 2894 eina
733 2850 776 2894 etc
792 2842 796 2911 Ι
814 2844 925 2895 Vocatus
938 2871 946 2881 ·
958 2850 984 2895 et
996 2844 1026 2908 (n
1041 2844 1094 2908 orn)
1108 2871 1117 2880 ·
1130 2845 1216 2894 altore
1228 2845 1255 2908 (c
1268 2846 1320 2896 edd
1333 2849 1442 2911 aarum)
1455 2875 1464 2885 ·

265 2948 306 2996 aq.
313 2936 369 2997 pot.
379 2931 474 2982 domini
483 2929 573 2995 (apat.
585 2947 626 2996 aq.
639 2929 782 2993 sinadam.)
793 2944 829 2980 eu
840 2931 938 2981 Boreae
947 2931 986 2981 Io.
996 2937 1101 2982 vocatae
1109 2937 1148 2981 eet
1157 2942 1200 2981 eto
1212 2930 1216 2998 Ι
1228 2948 1301 2996 quom
1311 2934 1333 2982 ei
1343 2932 1390 2997 (eu
1398 2933 1463 2998 enm)

261 3023 329 3085 past.
339 3021 410 3070 bomo
420 3018 467 3082 (eu
478 3017 584 3083 aliquia)
594 3019 714 3068 mentiens
724 3021 754 3081 (n
764 3019 876 3068 nesciens
880 3038 889 3074 ,-
899 3030 915 3068 o
924 3024 1034 3068 metune
1043 3019 1124 3084 idque
1134 3022 1198 3069 aute
1207 3017 1304 3081 homob·
1314 3033 1330 3068 a
1340 3036 1415 3083 qaam
1420 3023 1464 3086 qai

170 3158 179 3176 l
261 3111 330 3169 poet.
340 3106 463 3154 menoiem
475 3103 480 3170 Ι
494 3119 513 3155 n
522 3106 598 3154 daret
612 3102 616 3169 Ι
629 3118 648 3153 1>
657 3105 723 3170 eipn.
733 3105 796 3169 aliq.
807 3106 909 3170 peccati
920 3106 1051 3170 infaciem
1064 3103 1114 3167 (ita
1124 3108 1153 3155 et
1162 3105 1189 3168 o)
1202 3106 1255 3153 eiua
1268 3103 1272 3170 Ι
1289 3105 1348 3154 Onm
1360 3122 1421 3170 erpo
1433 3112 1465 3157 nt

265 3204 353 3253 auom
372 3205 388 3241 1
403 3191 510 3255 ttnmqne
523 3187 527 3255 Ι
542 3205 560 3240 n
573 3205 615 3240 orn
628 3191 720 3255 Ioeepln
733 3188 738 3256 Ι
751 3178 776 3240 e⁸t
786 3192 913 3254 piraeeet:
931 3203 966 3239 sn
979 3190 1032 3240 add
1044 3191 1150 3255 septiee5
1167 3204 1183 3239 s
1196 3206 1238 3239 orn
1252 3191 1347 3241 altore.
1372 3189 1417 3242 Sic
1430 3207 1463 3242 uz

264 3295 374 3336 nemeae,
387 3278 462 3327 etiam
468 3275 670 3341 piraoitaltcre,
679 3277 824 3341 nnllmnpae
834 3281 877 3327 stc
891 3272 896 3341 Ι
910 3277 936 3325 in
945 3293 974 3327 eo
985 3283 1015 3326 ut
1024 3289 1094 3336 aum
1108 3290 1142 3326 cn
1153 3279 1179 3325 in
1181 3279 1257 3342 fine-ie
1265 3279 1319 3326 eine
1332 3276 1336 3343 Ι
1350 3280 1464 3346 sanctifi·

264 3367 424 3413 conmutat
434 3375 503 3423 Δεις
514 3375 549 3412 cn
560 3363 663 3429 institia.
677 3361 682 3428 Ι
693 3378 720 3411 ee
729 3367 768 3411 tn:
778 3363 911 3426 assectae
919 3378 946 3411 ee
956 3359 960 3426 Ι
972 3373 1008 3410 ΑΒ
1018 3377 1093 3425 paon.
1103 3361 1191 3411 nullae
1198 3367 1287 3411 reatae
1296 3363 1347 3411 ino.
1357 3368 1396 3413 eet
1405 3365 1431 3412 in
1441 3369 1465 3414 te

338 3451 363 3498 8.
383 3447 420 3496 ab
433 3464 507 3512 qnam
519 3463 573 3496 eac.
587 3455 618 3496 nt
631 3460 682 3506 οὓς
702 3461 718 3496 a
734 3446 815 3508 Θεαῖε
827 3463 881 3496 eac.
895 3451 936 3504 tes,
954 3460 990 3496 au
1003 3447 1041 3497 Et
1054 3464 1096 3510 qn.
1110 3463 1163 3496 eac.
1179 3453 1206 3496 ta
1223 3445 1228 3513 Ι
1245 3448 1464 3509 intercutem

264 3546 298 3583 οι
310 3534 405 3600 affem
424 3529 429 3599 Ι
449 3537 494 3582 ant
506 3533 572 3596 qnod
585 3559 593 3569 ·
606 3533 673 3596 qnod
685 3532 716 3594 (u
729 3532 784 3593 orn)
794 3533 885 3596 prodit
898 3532 924 3594 (ο
934 3533 1067 3596 prodiditr
1086 3545 1122 3580 aa
1135 3532 1186 3580 add
1200 3533 1235 3595 te)
1253 3558 1262 3568 ·
1279 3534 1318 3582 tai
1330 3540 1361 3583 ut
1373 3547 1463 3596 auom

263 3632 280 3668 u
292 3623 317 3668 et
329 3619 395 3683 qnod
407 3619 503 3683 eipnnm
515 3617 634 3682 aparebit
645 3619 672 3666 in
685 3622 718 3676 te,
733 3619 795 3682 qnia
804 3618 894 3682 prodit
906 3621 931 3667 te
943 3622 1056 3682 concept.
1069 3616 1137 3666 uteri
1149 3618 1187 3665 tni
1200 3615 1204 3683 Ι
1218 3631 1235 3666 13
1246 3616 1326 3668 oolam
1337 3615 1343 3684 Ι
1357 3620 1465 3670 madae

263 3711 301 3755 eet
313 3722 330 3755 a
342 3709 380 3765 te,
398 3710 429 3755 ut
441 3717 476 3754 aa
491 3711 519 3755 et
531 3705 637 3754 omissis
650 3721 666 3753 a
679 3708 703 3755 te
715 3718 746 3764 ις
764 3716 799 3754 cn
811 3705 946 3754 mandatae
958 3708 996 3754 eet
1015 3705 1019 3768 Ι
1040 3703 1186 3769 confitearis
1201 3708 1233 3752 ut
1245 3716 1296 3765 οὓς
1314 3717 1330 3754 1
1343 3706 1464 3768 confiteu

265 3793 343 3856 (item
354 3796 386 3842 ut
397 3791 504 3843 videtur
517 3791 546 3855 e)
562 3788 566 3855 Ι
580 3805 596 3840 n
608 3792 737 3857 deceperit
749 3798 773 3842 te
786 3789 791 3859 Ι
805 3797 833 3842 at
845 3797 870 3842 te
882 3797 941 3842 tna:
960 3805 975 3842 c
989 3796 1112 3856 corrupte
1127 3791 1205 3841 cita-m
1216 3796 1285 3842 taam
1297 3789 1301 3858 Ι
1317 3794 1383 3844 dane
1394 3795 1460 3860 εἰμι.

264 3882 356 3947 infac.
370 3884 414 3931 tna
427 3878 474 3943 (cn
486 3880 616 3946 infaciem
629 3879 708 3944 taam)
721 3881 748 3929 in
756 3880 907 3944 mediopop.
922 3884 946 3930 te
958 3881 988 3943 (n
1001 3881 1080 3928 citam
1091 3876 1171 3940 taam)
1184 3881 1275 3945 munifi
1294 3885 1326 3931 ut
1338 3893 1427 3944 auom
1446 3895 1463 3933 1

264 3969 330 4017 dane
341 3967 404 4032 cipe.
423 3971 447 4016 et
464 3968 492 4016 in
503 3967 584 4016 medio
597 3967 685 4031 templi
695 3968 841 4033 manifestet
858 3964 863 4032 Ι
883 3970 1028 4016 cnstanter
1040 3970 1065 4015 et
1078 3965 1106 4027 (Ι
1119 3979 1161 4014 om
1174 3964 1210 4028 et)
1223 3972 1254 4015 ut
1263 3978 1331 4026 1823
1350 3981 1386 4017 cl>
1399 3983 1443 4019 om
1454 3966 1460 4034 Ι

265 4054 383 4118 aliquod:
400 4066 416 4102 a
429 4068 471 4103 orn
485 4050 489 4118 Ι
495 4053 555 4118 snit
566 4054 592 4102 in
604 4070 656 4102 me:
675 4067 711 4103 eu
724 4069 781 4114 om3
802 4067 872 4103 som
885 4056 912 4102 in
923 4071 961 4103 me
974 4050 979 4119 Ι
993 4069 1112 4117 concap:
1130 4062 1166 4098 aa
1179 4054 1334 4114 proamitae
1346 4051 1351 4119 Ι
1365 4054 1406 4105 cel
1416 4057 1461 4106 im-

261 4141 349 4206 padie.
362 4144 392 4188 ut
402 4152 466 4197 ean,
479 4139 543 4188 item
557 4150 572 4187 o
585 4139 773 4202 impudicitiam
787 4152 855 4188 uorn
870 4137 874 4204 Ι
888 4140 991 4202 detepat
1001 4155 1039 4187 nie
1051 4138 1079 4198 (s
1089 4153 1139 4195 om,
1153 4152 1170 4187 u
1183 4137 1260 4199 illud)
1270 4139 1335 4189 dom
1348 4141 1400 4201 (ita
1409 4154 1461 4200 lm

264 4238 299 4275 no
309 4221 380 4285 dene)
392 4234 423 4273 ut
436 4235 522 4272 nonu:
535 4238 583 4286 pro
596 4224 639 4272 bis
652 4222 710 4285 (ssd
725 4225 826 4273 retinet
835 4223 947 4286 detepot)
960 4236 977 4271 Α
991 4229 1054 4272 aute
1069 4223 1148 4273 Sient
1160 4229 1216 4272 oto:
1229 4223 1464 4275 Domieedeeem

265 4310 386 4365 nennium,
404 4309 447 4370 pai
458 4324 485 4357 ee
497 4310 610 4357 consciae
621 4313 774 4357 secretorum
794 4307 798 4371 Ι
818 4313 845 4355 nt
858 4309 904 4355 eim
917 4307 965 4368 (cn
975 4306 1052 4370 flant)
1065 4323 1128 4355 orne.
1142 4308 1237 4356 emend.
1253 4317 1280 4366 (ο
1293 4310 1462 4368 maniacibm,

264 4406 281 4441 a
295 4391 347 4443 edd
360 4397 385 4441 et
397 4393 578 4457 comptionis)
590 4393 694 4456 exempl.
708 4398 739 4441 ut
749 4404 837 4450 enom
852 4406 867 4439 u
879 4396 908 4440 nt
916 4392 1011 4454 poesim
1023 4392 1155 4441 emundari
1166 4392 1246 4441 etnim
1257 4392 1348 4442 omnib.
1359 4409 1406 4443 een.
1420 4411 1461 4445 ea.

205 4485 211 4493 '
266 4477 270 4546 Ι
285 4479 324 4528 nt
335 4479 456 4527 accessit:
474 4491 509 4527 aa
522 4478 580 4528 Hoc
591 4479 678 4528 dicens
690 4495 755 4536 occ..
773 4492 790 4527 n
804 4478 842 4526 Et
854 4478 983 4534 accedens,
997 4482 1048 4526 tnm
1060 4477 1215 4543 confidenter
1227 4477 1288 4527 bibit
1301 4477 1305 4544 Ι
1317 4479 1426 4529 domini:
1442 4494 1463 4532 ιε

264 4581 306 4616 om
321 4562 325 4630 Ι
340 4564 422 4614 bibit·
434 4563 521 4614 altore
534 4563 563 4628 (Δ
577 4564 611 4613 ad
623 4565 720 4627 altare)
733 4570 764 4613 ut
776 4576 865 4625 asom
885 4577 901 4612 a
914 4564 1012 4627 accepit
1025 4580 1083 4628 aqu.
1094 4568 1149 4628 pot.
1161 4569 1187 4613 et
1196 4565 1311 4628 putavit
1328 4569 1354 4614 et
1362 4565 1463 4628 piranit

263 4652 356 4716 eeptiee
368 4649 422 4715 (orn
434 4650 531 4713 altare)
545 4646 549 4716 Ι
563 4655 589 4700 et
600 4667 648 4700 non
660 4656 699 4701 eet
711 4677 719 4688 ·
731 4650 833 4700 macula
846 4658 877 4700 ut
891 4663 977 4709 suom
991 4663 1007 4699 a
1019 4656 1044 4701 et
1056 4667 1106 4701 non
1118 4653 1294 4701 antinoensium
1306 4669 1352 4701 nec
1363 4654 1462 4717 sipiano

263 4754 341 4802 neque
352 4738 483 4802 ceetipinm
494 4737 605 4788 alicuine
612 4738 714 4802 peccati
725 4738 753 4786 in
764 4755 796 4787 ea
